2992 4926
720 380 765 455 38

267 610 334 675 Sic:
368 628 443 687 „cur
465 627 529 673 non
552 606 594 672 ad
615 609 855 690 praescriptum
877 614 968 675 tuum
991 611 1130 676 coenas?
1161 629 1219 676 cur
1249 610 1315 677 tibi

180 730 314 795 nitidior
338 728 483 809 supellex
513 733 564 792 est
586 725 628 809 (ἓ.
654 727 716 810 2.)“
748 745 834 792 cum:
864 728 916 790 καὶ
943 728 1000 793 acic
1026 729 1226 794 noioeane
1253 736 1316 791 τῶν

179 848 281 911 ἄλλων
310 847 487 928 αἰτιώμευοο
502 847 720 911 acnrcuaciovc
740 847 887 928 τρίποδαο
909 849 1043 931 κιτρίυου
1066 847 1161 924 ξύλου
1183 847 1316 930 lapan·

178 968 316 1031 τόποὺαο
338 967 421 1031 icccc
445 967 497 1028 nai
517 965 642 1048 opnione
664 960 742 1046 εἶχε,
778 967 829 1034 καὶ
849 964 896 1030 ἐπ’
919 965 1020 1029 αὐτῶν
1043 965 1145 1031 storia
1189 966 1314 1033 Verba:

182 1088 273 1153 culice
297 1087 325 1151 61
341 1087 390 1151 ris
407 1103 463 1150 cnr
484 1091 576 1150 trans
592 1104 681 1151 mare
697 1086 857 1168 possides,
885 1105 941 1152 cur
955 1087 1051 1168 plura
1067 1104 1164 1167 quarn
1179 1086 1311 1151 nosti?“

181 1207 364 1288 comparari
386 1209 525 1286 possunt
548 1223 619 1269 cum
633 1205 749 1270 Dionis
772 1205 844 1271 loco
867 1205 950 1270 LXI.
980 1210 1029 1271 10.
1053 1222 1154 1285 supra
1176 1203 1221 1286 (p.
1249 1206 1315 1288 13.)

180 1327 280 1390 citato
305 1330 338 1389 et
358 1343 429 1388 cum
441 1323 546 1388 Taciti
556 1323 682 1388 verbis:
708 1324 858 1403 „Italiam
881 1330 915 1390 et
937 1324 1125 1407 provincias
1149 1324 1314 1390 immenso

183 1444 315 1509 faenore
338 1444 495 1508 hauriri“.

265 1564 376 1645 Neque
398 1563 582 1643 posteriore
604 1566 763 1643 tempore,
787 1581 859 1626 curn
875 1561 999 1627 Seneca
1020 1563 1140 1628 iterum
1164 1581 1248 1628 anno
1273 1567 1314 1628 62

183 1683 223 1746 ab
238 1684 405 1764 „ingentes
422 1681 632 1763 etpriratum
655 1681 786 1746 modum
809 1686 939 1747 evectas
962 1682 1232 1766 opes(Tac.XIV.
1245 1681 1314 1765 52.)

181 1807 390 1866 accusaretur
412 1802 492 1864 haec
521 1801 644 1881 scripta
671 1818 743 1865 6666
758 1805 907 1881 possunt,
931 1802 1008 1883 quia
1031 1820 1069 1866 6ο
1087 1820 1171 1867 6666
1188 1799 1315 1867 Seneca

183 1921 320 2000 „prioris
343 1920 511 2000 potentiae
532 1919 685 1984 instituta
700 1925 922 1998 „commutans
946 1920 1034 1984 nullo
1058 1920 1154 1985 modo
1169 1921 1216 1986 sic
1237 1939 1315 1986 con·

181 2040 319 2104 tidenter
352 2039 391 2102 de
420 2037 544 2102 divitiis
572 2036 661 2118 loqui
685 2038 806 2118 potuit,
840 2043 877 2102 61
910 2035 973 2103 fine
1003 2058 1072 2120 cap.
1097 2044 1147 2103 22.
1172 2040 1314 2106 diceret:

185 2157 283 2234 „nini
312 2157 446 2221 divitiae
471 2156 499 2219 61
522 2154 705 2220 effluxerint
733 2155 815 2219 nihil
843 2153 993 2222 auferent
1018 2158 1082 2223 nisi
1105 2159 1314 2240 semetipsas,

180 2280 215 2339 tn
240 2274 386 2353 stupebis
416 2279 449 2338 et
476 2273 639 2339 videberis
667 2274 730 2339 tibi
753 2275 823 2339 sine
853 2280 886 2340 16
915 2275 1048 2342 relictus
1078 2279 1106 2342 si
1128 2278 1205 2342 illae
1236 2282 1315 2343 616

180 2392 384 2457 recesserint.
430 2393 525 2473 Apud
548 2410 599 2457 me
621 2393 755 2458 divitiae
778 2394 919 2477 aliquem
942 2396 1048 2461 locum
1070 2396 1201 2476 habent,
1225 2397 1315 2477 apud

181 2517 214 2575 16
238 2530 396 2575 sunnnurn
421 2530 458 2576 ac
479 2516 696 2592 postremum3
729 2513 864 2578 divitiae
887 2532 978 2579 meae
1002 2521 1093 2595 sunt,
1124 2521 1161 2581 tu
1183 2516 1315 2581 divitia·

183 2649 253 2694 rnrn
280 2636 346 2695 es“.
393 2630 464 2708 Qua
487 2649 525 2695 ex
547 2631 720 2696 verborum
743 2632 828 2697 nube
851 2638 1004 2714 apparet,
1029 2633 1184 2700 Senecam
1206 2653 1242 2700 se
1265 2635 1315 2699 di·

180 2750 278 2814 vitias
301 2750 428 2830 amplas
448 2750 618 2831 possidere
634 2748 740 2816 lateri.
771 2751 886 2834 Itaque
902 2751 1130 2836 huncquoque
1146 2753 1313 2834 dialogum

181 2886 265 2931 anno
288 2873 328 2933 58
351 2886 370 2932 a
394 2868 517 2934 Seneca
540 2871 755 2950 compositum
778 2889 851 2937 esse
873 2877 964 2952 puto.
