2992 4926
742 340 782 414 10

664 412 869 444 l-.-—

197 563 402 646 Burrumque
436 567 575 632 amleum
599 567 811 652 complector)
847 585 884 631 eo
914 541 1049 632 consilio
1072 568 1172 632 etiam
1196 570 1328 652 adjuve-

200 688 285 764 runt,
308 689 345 748 ut
368 685 430 749 sibi
454 704 491 749 eo
515 687 713 751 inturbatior
728 685 821 751 fieret
837 688 1015 753 auctoritas
1039 705 1101 768 quo
1115 688 1220 752 minus
1232 707 1328 754 verus

197 803 379 884 imperator
401 822 454 868 res
478 805 625 886 qublicas
649 811 788 870 curaret.
832 805 944 888 Neque
967 806 1099 871 Tacitus
1132 807 1193 872 hoc
1221 812 1328 888 negat,

199 922 254 1003 qui
289 922 456 986 Annaeum
492 923 648 988 Serenum
682 924 824 990 Senecae
857 924 1052 989 familiarem
1085 944 1202 990 nomen
1235 944 1329 1006 prae-

197 1041 318 1119 buisse,
341 1046 378 1106 ut
403 1043 545 1122 ,primae
568 1043 735 1124 cupidines
750 1044 889 1109 Neronis
905 1044 1092 1108 velarentur
1107 1045 1210 1109 tradit
1226 1044 1327 1124 (XIII.

200 1161 262 1245 13).
308 1159 347 1224 Id
370 1160 511 1241 agebant
538 1161 662 1226 Burrus
685 1167 719 1227 et
741 1162 876 1242 Seneca,
906 1167 943 1227 ut
964 1164 1126 1226 Neronem
1154 1162 1215 1228 sibi
1236 1182 1329 1244 pror-

197 1297 252 1343 sus
282 1278 462 1359 subjectum
487 1281 649 1345 reddilnm
678 1300 698 1345 a
726 1288 831 1346 matre
863 1282 1101 1360 abalienarent,
1126 1283 1217 1364 cujus
1239 1283 1328 1363 inge-

197 1398 287 1462 nium
302 1399 396 1462 virile
409 1400 609 1478 metuebant,
633 1401 822 1481 qnae'initio
837 1401 976 1465 Neronis
989 1401 1104 1481 imperi
1120 1419 1155 1464 re
1168 1419 1246 1464 vera
1258 1420 1328 1464 rem

197 1517 287 1597 publ.
312 1516 492 1582 Romanam
514 1522 667 1597 rexerat,
701 1537 784 1600 quae
816 1520 1021 1601 propositum
1051 1538 1143 1584 suum
1167 1525 1200 1584 et
1227 1520 1327 1583 dandi

197 1633 264 1700 filio
302 1640 336 1700 et
370 1637 522 1701 servandi
555 1637 728 1718 imperium
763 1638 851 1721 (Tac.
874 1638 958 1702 XIV.
991 1640 1023 1723 9)
1058 1643 1172 1720 aperte
1200 1640 1328 1703 elocuta

197 1760 280 1821 erat.
324 1756 437 1836 Neque
460 1756 539 1819 mihi
561 1757 761 1836 persuadere
778 1776 912 1838 possum
924 1757 1116 1822 educatores
1128 1757 1328 1839 Agrippinae

198 1893 236 1939 eo
260 1874 395 1940 consilio
419 1875 593 1954 restitisse,
617 1879 654 1939 ut
675 1894 812 1957 puerum
829 1876 962 1956 dignum
984 1877 1122 1956 imperio
1137 1877 1326 1956 redderent3

199 1995 257 2059 sed
281 1995 336 2076 qui
359 1993 423 2074 ipsi
446 1994 661 2074 imperatores
689 2012 827 2075 regnare
850 2013 915 2058 non
936 2000 1114 2075 potuerunt
1137 1994 1328 2059 educatores

196 2113 404 2194 imperatoris
427 2130 468 2175 m.
494 2131 524 2193 q.
548 2131 573 2176 s.
597 2130 734 2194 regnare
757 2113 938 2178 voluerunt.
976 2113 1094 2177 Filium
1118 2113 1227 2193 igitur,
1249 2119 1328 2178 uta

196 2237 301 2296 matre
324 2235 527 2311 separarent,
549 2249 683 2295 necesse
707 2235 779 2295 erat
801 2250 840 2297 ex
863 2251 902 2296 ea
924 2237 1018 2314 parte
1041 2250 1169 2312 capere,
1194 2251 1258 2313 qua
1280 2231 1295 2295 f
1315 2269 1328 2279 -

196 2351 315 2415 eillime
338 2350 429 2430 tangi
451 2350 575 2429 potuit;
610 2349 657 2413 ita
690 2354 762 2414 erat
783 2350 839 2414 ille
862 2351 896 2414 in
920 2351 1054 2416 delicias
1079 2351 1325 2432 demergendus

197 2473 233 2533 ut
255 2468 286 2532 ei
308 2468 516 2549 irasceretur,
540 2468 595 2550 qui
618 2487 657 2533 ex
678 2469 729 2534 his
753 2488 826 2534 euin
850 2470 977 2551 eripere
1000 2468 1108 2532 vellet.

283 2585 453 2651 Octaviam
474 2605 622 2666 uxorem,
653 2587 910 2653 infelicissimam
941 2605 1023 2669 quae
1051 2587 1225 2666 imperatoi
1247 2607 1327 2668 nup-

197 2709 286 2770 serat
308 2705 493 2785 mulierem‚
528 2705 718 2771 adolescens
745 2707 939 2771 libidinosus
964 2707 1094 2785 oderat,
1122 2705 1205 2769 aliae
1227 2707 1327 2787 igitur

197 2828 230 2888 et
252 2824 405 2906 inprimis
428 2823 566 2888 libertae
590 2824 795 2890 adhibendae
818 2829 927 2904 erant,
952 2844 1034 2907 quae
1058 2826 1135 2889 data
1157 2826 1326 2889 occasione

197 2947 232 3007 et
253 2943 370 3007 adduci
394 2948 426 3007 et
447 2944 608 3008 removeri
630 2943 784 3008 facillime
798 2927 962 3025 poterant.
1008 2945 1186 3025 Aquarum
1204 2962 1324 3023 amore,

197 3062 247 3126 cui
281 3062 411 3126 deditus
450 3080 491 3126 ne
531 3080 660 3142 semper
698 3063 889 3128 educatores
923 3063 998 3126 hnic
1031 3063 1135 3126 amori
1167 3061 1326 3127 favenites

197 3184 315 3262 sponte
339 3184 530 3262 sequeretur
550 3181 733 3261 Agrippina
750 3183 825 3262 J'ure
847 3199 905 3245 sno
927 3182 1076 3259 timebat,
1100 3178 1202 3245 filium
1226 3181 1327 3246 absti-

195 3317 273 3364 nere
295 3302 412 3363 conata
435 3302 499 3377 est;
529 3298 587 3364 sed
610 3298 747 3379 frustra3
772 3319 807 3365 se
830 3301 937 3382 ipsam
958 3300 1060 3380 igitur
1081 3299 1326 3373 illilibidinum

196 3419 379 3483 ministram
412 3417 541 3482 obtulit.
591 3418 719 3482 Nerone
753 3437 789 3484 se
821 3419 910 3483 illius
939 3437 1071 3499 operam
1101 3423 1326 3498 suscepturum

202 3556 274 3602 esse
291 3537 472 3617 denegante
497 3537 619 3618 optime
643 3538 814 3616 intellexit,
838 3538 1000 3601 Neronem
1016 3535 1172 3600 Senecam
1187 3537 1326 3600 Burrum

198 3661 311 3721 contra
334 3673 368 3720 se
392 3655 498 3736 ipsam
513 3655 696 3720 Pallantem
720 3637 802 3721 alios
827 3661 1007 3720 sectatores
1031 3656 1220 3736 conjunctos
1244 3673 1327 3733 esse,

197 3780 240 3854 et,
263 3775 412 3841 Pallante
436 3795 513 3841 cura
535 3794 645 3840 rerum
669 3775 809 3854 demoto,
834 3774 921 3858 (Tac.
946 3774 1035 3838 XIII.
1063 3773 1113 3857 14)
1145 3774 1227 3838 satis
1250 3779 1327 3837 noto

196 3895 315 3976 pavido
331 3895 471 3960 Neronis
494 3895 601 3959 animo
626 3894 740 3959 nuntio
763 3911 837 3957 eum
860 3893 993 3957 turbare
1017 3898 1133 3956 conata
1157 3898 1221 3957 est:
1249 3893 1328 3967 „itu-

197 4033 269 4078 ram
292 4032 327 4078 se
351 4032 423 4078 eum
444 4013 634 4078 Britannico
659 4013 691 4076 in
715 4016 853 4076 castra.“
891 4011 970 4089 Sed,
995 4012 1050 4093 qui
1076 4016 1209 4088 ,trunca
1231 4029 1329 4074 manu

200 4137 234 4198 et
255 4131 457 4214 professoria
480 4133 592 4214 ltngua
613 4131 746 4195 humani
767 4131 912 4212 regimen
928 4129 1207 4211 expostulabant,“
1226 4130 1256 4193 ei
1271 4149 1328 4211 po-

198 4251 357 4315 tentiores
381 4252 481 4314 etiam
504 4257 613 4330 erant,
649 4270 747 4333 quam
776 4269 856 4332 quos
885 4249 980 4313 facile
1004 4249 1217 4313 subverteret.
1265 4249 1329 4312 Sed
