2992 4926
346 1037 580 1116 Naturalium
608 1035 867 1125 Quaestionum
893 1037 984 1116 libri
1012 1041 1158 1139 septem.

267 1258 391 1320 Horum
422 1256 579 1320 librorum
611 1261 647 1319 ut
680 1262 809 1338 tempus
844 1263 1026 1322 statuamus
1051 1277 1070 1321 a
1094 1256 1217 1322 Seneca
1239 1257 1310 1337 ipso

182 1381 303 1439 certam
328 1375 502 1454 accipimus
526 1394 648 1438 ansam.

266 1494 426 1575 Loquitur
459 1493 544 1556 enim
579 1495 671 1558 initio
706 1494 781 1558 libri
816 1495 898 1558 sexti
933 1495 973 1559 de
1004 1499 1224 1558 terraemotu
1249 1512 1312 1574 quo

182 1613 362 1693 Campania
398 1617 530 1676 vastata
562 1618 622 1677 est.
678 1613 771 1677 Hunc
806 1618 928 1677 motum
963 1611 1064 1677 fuisse
1099 1613 1179 1676 dicit
1209 1611 1312 1674 Nonis

181 1731 368 1797 Februariis
390 1730 515 1811 Reguulo
540 1737 573 1795 et
594 1732 748 1810 Verginio
783 1750 865 1796 coss,
890 1733 909 1795 i.
935 1750 962 1796 e.
987 1749 1071 1794 anno
1096 1730 1179 1813 63.⁸)
1227 1728 1311 1793 Con-

182 1856 248 1915 stat
271 1851 373 1931 igitur
394 1856 471 1930 post
493 1851 603 1915 Nonas
627 1852 781 1915 Februar.
808 1851 883 1913 anni
907 1854 945 1914 63
971 1850 1055 1913 horno
1077 1848 1196 1912 librum
1221 1847 1313 1912 aSe-

181 1988 262 2034 neca
284 1969 500 2049 compositum
524 1988 606 2033 esse.
654 1969 718 2033 Sed
741 1970 773 2033 ni
797 1986 993 2049 rnraguopere
1017 1967 1128 2046 fallor,
1152 1967 1312 2031 terminus

183 2107 310 2170 quoque
332 2093 410 2168 post
434 2107 528 2168 quem
558 2088 643 2152 liber
665 2092 774 2151 sextus
799 2088 1022 2168 septimusque
1045 2086 1217 2166 compositi
1241 2104 1313 2150 esse

180 2227 242 2272 non
268 2212 449 2288 potuerunt
470 2207 687 2272 demonstrari
709 2211 846 2286 postest.

263 2324 362 2389 Libro
388 2325 473 2388 enim
497 2325 637 2404 septimo
655 2324 778 2388 Seneca
802 2325 842 2389 de
866 2326 1001 2388 cometis
1024 2325 1179 2406 loquitur.
1224 2323 1314 2388 Dicit

185 2449 233 2524 17,
255 2449 295 2508 2;
320 2448 483 2523 cometes,
520 2444 594 2524 „qui
627 2443 686 2508 sub
708 2444 836 2508 Nerone
860 2442 1001 2508 Caesare
1030 2443 1182 2524 adparuit
1205 2448 1238 2507 et
1261 2461 1312 2507 co·

180 2564 276 2628 metis
301 2563 445 2628 detraxit
467 2561 663 2626 infamiarn.“
705 2561 824 2627 Statim
848 2562 964 2627 deinde
988 2580 1058 2642 cap.
1083 2565 1133 2640 21,
1157 2561 1311 2624 3Roma·

180 2701 238 2747 nos
261 2683 344 2746 hunc
368 2688 526 2745 cometem
549 2699 610 2761 per
633 2700 689 2745 sex
711 2696 840 2746 menses
868 2682 990 2746 uidisse
1020 2681 1132 2745 tradit.
1178 2680 1310 2743 Tacitus

180 2806 214 2865 et
235 2820 319 2868 anno
343 2801 546 2881 sexagesimo
564 2799 661 2881 (XIV.
679 2800 733 2882 22)
757 2806 791 2864 et
814 2801 890 2864 anni
903 2800 1098 2881 sexagesimi
1115 2799 1223 2881 quarti
1247 2795 1310 2860 fine

134 2942 137 2948 ·
180 2920 261 3002 (XV.
284 2922 339 3003 47)
364 2925 507 2984 cometes
530 2918 618 2984 visos
642 2937 714 2983 esse
736 2923 858 2983 narrat.

267 3038 390 3102 Seneca
414 3038 453 3102 de
477 3042 613 3116 comete,
637 3055 732 3119 quem
756 3037 827 3118 ipse
849 3037 995 3116 viderat,
1025 3038 1121 3101 dicit:
1157 3036 1311 3114 „cometis

180 3156 323 3220 detraxit
346 3157 546 3236 infamiam“‚
560 3195 599 3205 -
616 3175 698 3238 quae
711 3155 810 3221 verba
822 3156 975 3221 facillime
992 3157 1194 3236 explicantur
1207 3159 1240 3219 et
1251 3155 1312 3218 Ta·

182 3275 238 3339 citi
262 3279 295 3340 et
318 3275 453 3341 Suetoni
477 3277 597 3341 verbis.
635 3276 767 3340 Tacitus
791 3294 861 3357 cap.
886 3279 925 3338 22
949 3275 970 3338 l.
986 3274 1070 3338 XIV.
1095 3275 1175 3338 haec
1197 3273 1311 3336 habet:

184 3393 293 3466 „Inter
316 3414 400 3477 quae
423 3400 457 3460 et
480 3395 568 3460 sidus
594 3399 737 3459 cometes
760 3392 902 3472 effulsit,
938 3394 977 3458 de
1006 3412 1069 3474 quo
1091 3393 1179 3474 volgi
1202 3391 1311 3472 opinio

181 3516 230 3576 est
253 3518 423 3596 tamquam
446 3513 663 3578 mutationem
686 3512 774 3593 regis
797 3513 982 3593 portendat,
1006 3512 1107 3593 igitur
1130 3512 1223 3594 quasi
1243 3511 1311 3591 jam

181 3632 317 3712 depulso
340 3633 469 3696 Nerone
493 3632 642 3714 quisnam
666 3631 865 3713 deligeretur
887 3631 1132 3713 anquirebant.“
1158 3668 1199 3676 —

223 3935 251 3997 8)
270 3935 383 3989 Tacitus
410 3934 520 4002 quidem
547 3935 619 3989 hunc
644 3941 733 3991 terrae
757 3941 859 3992 motum
887 3937 937 3992 sub
958 3936 1012 3991 fine
1030 3936 1093 3990 anni
1110 3937 1145 3990 62
1163 3935 1313 3989 adnotavit.

266 4035 338 4102 (XV.
360 4036 413 4101 22.)
458 4035 580 4091 Senecae
608 4043 699 4091 tamen
725 4038 806 4109 hujus
830 4055 911 4094 casus
935 4039 1041 4107 aequali
1072 4039 1202 4110 majorem
1231 4036 1312 4090 fidem

265 4137 362 4192 habeo.
397 4137 527 4193 Fortasse
550 4138 707 4194 Merivalius
729 4141 793 4211 jure
819 4157 869 4196 suo
896 4141 968 4196 hane
995 4140 1221 4210 discrepationem
1249 4139 1312 4192 inde

265 4244 351 4294 emam
370 4255 445 4309 esse,
462 4242 536 4308 quod
554 4247 643 4296 motus
662 4243 724 4296 anni
742 4245 776 4297 62
794 4243 846 4298 fine
864 4245 1016 4313 inceperint
1033 4259 1104 4298 anno
1122 4243 1156 4297 63
1174 4241 1311 4296 liniverint

264 4346 344 4411 putat
361 4342 390 4411 (l.
408 4342 426 4396 l.
444 4343 506 4398 VIL
523 4344 603 4409 307.).
