2992 4926
725 335 764 411 61

178 563 239 627 bus
277 561 542 629 circumscribere
581 581 646 630 non
681 564 793 646 potui,
827 563 861 627 id
895 561 1036 629 fortasse
1079 561 1311 644 demonstravi,
1436 606 1440 613 ,

180 682 593 749 contendentIum‘duobus
616 683 741 748 ultimis
758 682 900 748 Senecae
923 682 1011 748 vitae
1034 683 1127 748 annis
1150 683 1210 748 has
1232 701 1307 748 cen·

179 805 249 865 turn
270 801 386 882 viginti
419 807 574 885 quattuor
607 801 766 883 epistulas
799 801 1002 882 conscriptes
1025 819 1098 866 esse
1120 802 1307 882 opinionem

178 917 389 986 falsissimam
411 939 504 1001 esse,
539 940 620 1004 quas
644 920 803 1002 epistulas
826 938 886 1002 ego
910 920 1003 985 annis
1025 918 1094 985 lere
1116 924 1255 986 60-65
1277 940 1310 1004 p.

78 1104 81 1109 ,
181 1035 215 1100 O.
238 1057 269 1102 n.
293 1039 449 1105 Senecam
473 1040 644 1122 scripsisse
664 1044 754 1121 puto.

266 1157 409 1225 Senecae
442 1159 544 1241 igitur
577 1159 700 1240 scripta
720 1156 958 1241 philosophIoa‚
991 1171 1075 1238 quae
1099 1161 1229 1223 exstant
1250 1158 1311 1224 hoc
1369 1194 1373 1199 ·
1409 1248 1416 1255 ἱ

179 1275 292 1340 ordine
315 1278 514 1359 compositas
538 1295 610 1343 esse
630 1282 725 1359 puto:

222 1410 307 1475 Dial.
330 1411 462 1477 lH-V.
716 1411 811 1477 initio
835 1411 912 1478 anni
932 1416 984 1477 41.

221 1529 307 1594 Dtel.
330 1529 386 1594 XI.
718 1527 782 1597 fine
805 1529 933 1595 annitl
958 1534 1015 1594 aut
1028 1528 1131 1611 ,initio
1145 1531 1221 1603 anni
1231 1535 1283 1597 42.

221 1648 307 1711 Dial.
330 1648 403 1712 XII.
721 1667 805 1719 anno
827 1651 869 1712 42
892 1653 950 1713 aut
970 1652 1022 1713 43.

162 1821 165 1824 .
221 1764 327 1846 Epist.
351 1766 387 1830 L.
722 1784 805 1832 anno
828 1769 881 1835 49.

221 1884 307 1948 Dial.
330 1884 369 1948 ll.
720 1902 805 1950 anno
826 1889 879 1950 49.

221 2003 307 2067 Dial.
331 2003 384 2067 Vl.
717 2021 801 2069 anno
823 2008 876 2068 49.

219 2118 518 2187 Ἀποκολοκύυτωσιο
718 2121 832 2188 Mense
854 2120 988 2187 Octobri
1009 2120 1086 2184 anni
1108 2126 1158 2186 54.

220 2240 270 2303 De
292 2238 473 2306 ClementIa
495 2241 529 2305 ll.
717 2240 811 2306 initio
834 2240 911 2306 anni
935 2244 984 2308 56.
1030 2283 1032 2287 -

220 2358 269 2422 De
291 2356 464 2424 Beneficiis
485 2359 519 2423 ll.
717 2377 801 2425 anno
826 2363 877 2425 58.

220 2476 305 2543 Dial.
326 2476 368 2541 ΙΙ.
719 2495 802 2542 anno
827 2481 877 2544 58.

220 2594 306 2659 Dial.
330 2595 400 2660 VII.
718 2613 803 2671 anno
824 2599 876 2661 58.
896 2603 916 2651 ’.

219 2713 359 2795 Epistul.
382 2714 556 2783 I-LXIX.
719 2715 760 2780 ab
793 2732 878 2781 anno
911 2711 980 2781 fere
1014 2717 1056 2780 60
1078 2750 1119 2767 -ψ
1140 2733 1243 2797 usque
1267 2717 1309 2781 ad

804 2830 901 2897 finem
922 2832 999 2897 anni
1021 2835 1072 2897 62.

219 2951 305 3015 Dial.
329 2950 384 3016 IX.
718 2969 801 3017 anno
824 2954 875 3018 62.

220 3069 307 3135 Dial.
331 3069 357 3134 Ι.
715 3087 800 3136 anno
824 3073 875 3134 62.

219 3189 332 3253 Natus.
357 3188 489 3267 Quaest.
513 3187 610 3252 I-V.
716 3207 801 3254 anno
825 3191 876 3253 62.

218 3307 332 3372 Natnr.
356 3308 489 3386 Quaest.
514 3305 672 3371 VI-VII.
710 3325 813 3389 usque
837 3306 879 3371 ad
907 3305 1065 3373 Sextilem
1087 3307 1164 3373 anni
1186 3311 1237 3372 63.

220 3426 306 3489 Dial.
328 3425 416 3491 VIII.
719 3442 803 3490 anno
828 3428 879 3489 64.

218 3543 359 3624 Epistol.
382 3541 655 3608 LXII-CXXIV.
718 3540 1307 3626 alineanni62usqueodonnum65.
