2992 4926
728 329 748 402 I

175 559 321 624 Senecae
344 557 379 621 iu
402 555 499 621 exilio
516 555 654 636 degendi
670 563 773 637 erant,
797 575 878 638 quos
899 561 1032 638 praeter
1048 558 1171 637 scripta
1186 557 1303 638 quibus

174 683 311 742 matrem
336 681 369 741 et
391 675 562 757 Polybium
586 673 702 740 Claudi
731 675 886 740 libertum
920 676 1162 755 consolaretur,
1184 676 1302 740 studiis

172 815 280 861 rerum
302 794 502 859 naturalium
526 795 742 875 consumpsit,
773 795 889 876 quibus
922 795 1041 859 studiis
1072 795 1173 859 etlam
1195 794 1303 860 adole-

172 933 264 979 scens
280 913 444 979 volumine
466 912 507 976 de
529 917 691 976 terrarum
714 918 804 978 motu
828 914 1007 993 composito
1032 914 1161 979 deditus
1183 913 1301 977 iuerat.

82 1076 85 1085 .
172 1031 230 1117 (ef.
254 1033 329 1097 Nat.
355 1031 487 1108 Quaest.
509 1030 563 1095 VI.
587 1037 618 1095 4.
643 1035 681 1111 23
716 1032 771 1113 qui
792 1032 878 1097 liber
909 1035 1019 1097 sextus
1052 1032 1133 1096 nihil
1156 1033 1219 1097 nisi
1242 1032 1303 1096 hoc

174 1152 398 1215 deterrarum
429 1154 521 1214 motu
549 1150 699 1214 volumen
724 1151 872 1215 nonnihil
901 1149 1134 1232 amplificatum
1157 1168 1230 1215 esse
1252 1151 1301 1214 vi-

172 1270 290 1354 detur).
312 1306 355 1315 —

254 1387 377 1452 Rornae
400 1387 532 1451 interim
553 1386 732 1451 Messalina
755 1385 872 1452 Claudi
901 1406 1000 1452 uxore
1033 1393 1151 1453 necata
1172 1388 1301 1453 libertis

170 1507 378 1587 Imperatoris
411 1505 444 1569 id
478 1507 640 1587 agendum
672 1511 764 1585 erat,
799 1511 836 1570 ut
860 1506 1014 1571 Claudius
1047 1508 1145 1571 allam
1168 1509 1302 1572 duceret

172 1643 316 1704 uxorem,
340 1642 404 1705 qua
428 1624 532 1687 denuo
557 1624 618 1689 sibi
634 1625 799 1689 hominem
822 1625 1019 1690 imbecillum
1037 1626 1301 1707 subjectumred-

172 1744 294 1808 derent.
342 1742 405 1807 Sed
427 1743 474 1805 lta
499 1741 655 1807 Callistus
678 1744 851 1808 Narcissus
874 1743 982 1807 Pallas
1008 1745 1242 1825 dissenserunt,
1264 1750 1301 1809 ut

171 1861 252 1927 alius
276 1861 374 1925 allam
398 1860 586 1925 destInaret.
620 1862 731 1926 Pallas
747 1862 886 1943 denique
908 1861 1016 1926 fautor
1031 1862 1300 1944 JuliaeAgrippi-

168 1998 230 2045 nae
253 1979 439 2044 Germanici
454 1977 551 2059 filiae,
574 1980 704 2062 adjutus
723 1980 886 2045 illecebris
903 1980 992 2046 illius
1013 1982 1158 2045 mulleriS
1183 1983 1300 2064 quibus

168 2103 321 2179 patruum
343 2099 391 2161 Ita
414 2103 547 2178 ceperat
580 2105 637 2181 „ut
669 2101 819 2181 praelata
853 2100 970 2164 ceteris
1000 2105 1033 2164 et
1056 2100 1198 2164 nondum
1220 2121 1300 2166 uxor

165 2218 314 2299 potentia
341 2216 456 2280 uxoria
483 2217 553 2298 jam
584 2223 749 2284 uteretur“
785 2219 874 2303 (Tae.
902 2219 974 2283 XII.
1000 2218 1049 2302 3),
1077 2219 1156 2284 vicit
1179 2221 1300 2301 illaque

168 2333 305 2400 Claudio
338 2354 358 2399 a
386 2340 502 2399 senatu
523 2338 710 2420 populoque
731 2338 876 2403 Romano
900 2357 980 2402 uxor
1003 2339 1082 2404 data
1105 2344 1165 2404 est.
1210 2339 1300 2417 Quae

254 2656 385 2726 ἐξώρισεν
403 2657 562 2725 ἐγκλήματα
580 2659 651 2729 αὐτῇ
670 2653 741 2710 ἄλλα
759 2675 789 2710 τε
807 2657 854 2709 καὶ
870 2660 996 2727 μοιχείασ
1015 2662 1237 2730 παρασκευάσασα
1255 2661 1298 2730 ἐφ’

254 2752 273 2828 ᾖ
290 2758 336 2809 καὶ
357 2759 474 2811 Οενέκασ
492 2755 630 2812 όἈννιοσ
648 2759 742 2831 ἔφυγε.
763 2780 787 2815 κ.
807 2779 830 2814 τ.
848 2762 873 2813 λ.

321 2860 388 2914 Tac.
407 2876 468 2914 ann.
487 2859 563 2914 XIII.
581 2862 641 2916 42:
669 2862 705 2917 Se
724 2863 869 2931 (Suillium)
888 2868 1060 2931 quaestorem
1078 2863 1243 2931 CermanIci,
1271 2863 1299 2917 il-

253 2963 308 3016 lum
327 2962 481 3031 (Senecam)
500 2963 597 3017 domus
615 2965 675 3033 ojus
693 2965 845 3019 adulterum
864 2966 956 3020 fuisse.

319 3065 446 3120 Juvenal.
458 3065 492 3120 V.
512 3065 688 3122 masenot:
723 3067 775 3122 Hic
793 3067 918 3135 (Seneca)
938 3069 988 3124 snb
1008 3068 1121 3123 Claudio
1140 3069 1217 3136 quasi
1237 3085 1300 3123 oon-

257 3168 328 3221 scius
356 3167 549 3221 adulteriorum
566 3168 657 3223 Julian
675 3169 829 3224 Germanioi
854 3170 926 3226 filiae
952 3172 979 3225 iu
997 3171 1136 3226 CorsIeam
1161 3173 1299 3240 relegatus

251 3275 377 3324 ...est

319 3372 407 3427 Carol.
426 3371 508 3426 Peter
535 3372 708 3436 (Gaschiehta
726 3374 809 3428 Roma
828 3376 876 3430 Ill.
894 3377 981 3442 273.):
1001 3376 1122 3443 Seneca,
1148 3374 1209 3428 dam
1235 3391 1298 3427 man

254 3473 297 3527 die
324 3473 486 3541 ungesundo
512 3475 585 3528 Insel
604 3475 719 3530 Corsika
745 3477 785 3530 als
803 3477 1046 3544 Verbannungsort
1063 3477 1183 3543 anwies,
1212 3476 1298 3528 wahr-

253 3574 400 3629 schainlich
425 3576 488 3630 weil
512 3593 542 3630 er
567 3576 652 3631 durch
676 3577 720 3631 die
739 3577 929 3645 fralmiithigen
946 3577 1066 3632 Urtheile
1084 3579 1152 3633 {Iber
1169 3579 1213 3631 die
1230 3579 1299 3632 Vor-

253 3681 345 3745 gango
364 3693 407 3730 am
426 3678 497 3732 Hofe
514 3679 542 3732 iu
561 3680 654 3734 semen
674 3679 807 3734 Schriften
826 3679 884 3747 (sio)
904 3679 947 3733 die
965 3679 1058 3734 Racho
1076 3680 1125 3735 der
1142 3681 1298 3736 henschen-

250 3780 302 3833 den
320 3779 460 3833 Personen
481 3780 723 3851 herausgofordert
739 3781 840 3836 hatto.l

318 3882 1297 3957 'I'ouiielium(Geschiohted.rdmLitteratur):lhnbetralgleichesLoos

251 3984 291 4038 als
300 3983 494 4051 ihrenBuhlen,
509 3985 590 4040 dabei
607 3987 710 4042 konnte
728 4002 758 4041 er
775 3988 845 4042 auch
861 3987 910 4042 der
920 3987 1064 4043 Vorfunrte
1083 4007 1211 4059 gewesen
1229 3992 1295 4046 selu.

319 4088 440 4142 Senecae
463 4087 590 4141 virtutem
616 4089 774 4143 admirando
799 4090 937 4144 antecellit
959 4090 1016 4144 fera
1039 4092 1170 4145 Dideroto
1195 4093 1297 4162 (Essay

252 4205 298 4243 sur
317 4190 454 4256 Sendque)
473 4189 635 4244 Boelnnius:
667 4207 759 4258 progr,
777 4191 875 4261 Gymn.
893 4192 1082 4247 Fredr-Guill.
1113 4194 1200 4246 lterol.
1221 4196 1296 4248 Itoss.

317 4292 485 4361 Magnopere
503 4292 583 4344 doleo
601 4291 675 4360 quod
692 4292 906 4361 Volquardseni,
924 4295 1029 4362 librum,
1047 4296 1125 4366 cujus
1143 4295 1237 4350 titulus
1255 4303 1298 4355 cst

251 4395 470 4464 „Ehrenrettung
489 4393 632 4447 Seneca’s“
650 4409 782 4463 nusquam
801 4397 938 4465 repperim
955 4397 1039 4465 potui,
