3008 4942
748 285 792 360 50

206 513 367 579 Lucilium
397 513 458 580 hoc
485 518 603 596 postea
636 517 787 598 questum
815 509 916 577 fuisse
947 510 1168 594 intellegimus
1197 513 1343 582 Senecae

209 633 478 718 verbis(33,1):
511 632 701 711 ,desideras
729 631 781 696 his
811 648 939 713 quoque
974 631 1058 695 sicut
1089 631 1254 712 prioribus
1284 636 1346 701 ad-

210 749 309 816 scribi
332 752 459 834 aliquas
487 770 584 816 voces
617 756 803 817 nostrorum
831 755 1033 832 procerum“.
1079 750 1166 828 Quas
1196 753 1342 835 ,stipes“

211 888 267 934 cur
289 869 438 935 omiserit
460 869 583 935 Seneca
606 889 737 935 causam
760 869 853 934 addit
868 869 979 933 dicens
1005 869 1184 952 ,ejusmodi
1205 873 1343 940 vocibus

210 987 333 1053 referta
355 993 432 1054 sunt
460 990 623 1069 carmina,
658 987 798 1054 refertae
821 987 1000 1067 historiae,
1034 989 1145 1071 itaque
1167 991 1242 1055 nolo
1266 992 1344 1058 illas

211 1106 344 1188 Epicuri
367 1107 534 1173 existimes
557 1125 646 1187 000ος
664 1107 825 1189 publicae
857 1110 933 1172 sunt
959 1110 992 1171 01
1015 1108 1176 1174 maximae
1199 1114 1343 1177 nostrae.

212 1224 278 1290 Sed
299 1226 356 1290 illo
379 1226 485 1307 magis
509 1227 718 1305 adnotantur,
742 1226 819 1308 quia
840 1244 936 1290 rarae
958 1226 1089 1291 interim
1111 1227 1343 1310 interveniunt,

213 1345 290 1427 quia
311 1344 508 1425 insperatae,
533 1346 609 1428 quia
631 1345 748 1410 mirum
764 1348 825 1424 cst,
848 1343 979 1410 fortiter
995 1345 1119 1427 aliquid
1142 1346 1207 1411 dici
1230 1347 1272 1412 ab
1287 1347 1340 1412 ho·

213 1462 298 1527 mine
321 1462 494 1527 mollitiam
515 1462 663 1544 professo
689 1513 720 1528 ..
745 1482 809 1529 non
832 1468 883 1528 est
905 1480 1001 1546 ergo,
1031 1464 1118 1546 quod
1148 1466 1262 1548 exigas
1292 1484 1341 1531 ex·

213 1586 328 1663 carpta
350 1585 383 1645 et
404 1582 577 1662 repetita“.

300 1699 504 1782 Quamquam
525 1700 667 1765 libenter
688 1701 873 1780 concedam,
898 1700 1040 1766 Senecae
1062 1702 1164 1767 verba
1185 1704 1276 1769 velut
1299 1706 1313 1789 (
1336 1755 1345 1785 ,

217 1819 249 1902 7)
283 1819 438 1898 ,interim
473 1819 624 1901 quoniam
657 1819 841 1883 diurnam
873 1819 934 1884 tibi
967 1820 1185 1886 mercedulam
1219 1822 1343 1888 1101100κ

218 1957 282 2002 non
305 1938 353 2002 ita
376 1938 524 2019 urgenda
547 1956 640 2016 0000,
672 1939 773 2003 veluti
807 1956 842 2004 00
877 1938 963 2002 diem
985 1956 1024 2002 ex
1047 1939 1099 2003 die
1122 1939 1165 2004 ad
1185 1941 1348 2006 Lucilium

215 2056 345 2138 litteras
368 2057 497 2122 misisse
521 2057 675 2136 dixisset,
709 2074 764 2120 000
798 2062 908 2121 tamen
942 2056 1012 2120 sine
1042 2059 1169 2139 magnis
1191 2059 1348 2124 interval-

218 2174 258 2239 lis
282 2149 481 2256 compositas
505 2193 579 2240 esse
603 2193 642 2238 ex
664 2175 814 2255 epistulis
837 2175 918 2256 ipsis
942 2180 1090 2256 apparet.

303 2292 340 2356 In
361 2291 599 2374 posterioribus
630 2310 703 2373 epp.
738 2294 869 2375 saepius
902 2293 1063 2358 Lucilium
1093 2299 1260 2377 questum
1275 2314 1348 2362 esse

218 2411 366 2494 legimus,
389 2411 476 2494 quod
497 2409 666 2476 rarissime
688 2415 815 2476 tantum
839 2430 858 2475 0
879 2417 1093 2493 praeceptore
1116 2412 1274 2494 epistulas
1297 2432 1350 2479 ac·

219 2531 353 2613 ciperet.
382 2529 420 2595 cf.
444 2530 568 2614 (omnia
595 2505 850 2612 citarelongum
881 2531 944 2615 est)
969 2549 996 2594 0.
1021 2550 1051 2612 g.
1075 2532 1136 2611 38,
1169 2537 1184 2595 1
1212 2531 1348 2610 „Merito

220 2650 342 2732 exigis,
371 2653 408 2713 ut
434 2649 495 2714 hoc
522 2650 688 2714 internos
712 2649 926 2730 epistularum
949 2650 1176 2714 commercium
1199 2649 1350 2733 frequen·

220 2774 359 2848 temus‘,
385 2771 455 2847 118,
482 2772 509 2832 1.
543 2765 655 2848 Exigis
678 2785 698 2831 a
720 2785 772 2831 me
794 2755 1032 2849 frequentiores
1055 2768 1225 2849 epistulas
1248 2768 1350 2834 ratio·

222 2905 280 2952 nes
303 2884 527 2966 conferamus,
560 2886 715 2951 solvendo
750 2905 815 2951 non
837 2886 918 2966 0110,
956 2891 1009 2961 ,01
1030 2887 1180 2967 inprimis
1207 2892 1284 2969 106,
1313 2894 1349 2953 1“

222 3003 359 3069 Tardius
383 3004 527 3069 rescribo
551 3004 593 3068 ad
616 3005 774 3085 epistulas
798 3008 872 3069 tuas
894 3023 959 3070 non
982 3006 1059 3087 quia
1075 3006 1243 3072 districtus
1261 3026 1354 3073 occu·
1385 3072 1388 3076 ,

222 3121 410 3203 petionibus
434 3170 491 3187 ...
516 3122 594 3204 quid
617 3140 694 3204 ergo
716 3121 788 3203 fuit,
812 3140 912 3204 quare
934 3141 999 3187 non
1019 3123 1169 3205 protinus
1191 3125 1352 3203 rescribe-

224 3260 294 3307 rem
327 3241 357 3306 ei
387 3241 427 3306 de
450 3258 513 3322 quo
538 3240 740 3323 quaerebas?
773 3240 927 3306 veniebat
959 3241 993 3305 in
1027 3247 1212 3307 contextum
1245 3245 1354 3325 operis

225 3359 299 3424 mei.
344 3357 415 3424 Scis
447 3377 499 3425 me
532 3360 689 3424 moralem
722 3358 965 3441 philosophiam
997 3361 1081 3425 velle
1115 3362 1287 3442 complecti
1322 3367 1357 3428 01

226 3495 339 3543 omnes
362 3477 405 3542 ad
427 3496 500 3543 eam
521 3479 718 3559 pertinentis
741 3477 950 3560 quaestiones
968 3478 1141 3558 explicare,
1163 3481 1276 3560 itaque
1299 3481 1357 3546 du-

110 3628 114 3635 ’
138 3654 150 3667 .
225 3594 339 3676 bitavi,
360 3600 471 3661 utrum
493 3594 657 3662 differrem
687 3600 721 3661 10
743 3615 785 3660 an
809 3644 842 3660 ..
862 3595 917 3678 jus
939 3596 1001 3660 tibi
1024 3603 1116 3663 extra
1139 3599 1286 3664 ordinem
1310 3599 1358 3664 di·
1429 3587 1433 3599 ‘

227 3732 345 3794 cerem,
368 3714 541 3780 humanius
567 3715 673 3781 visum
704 3719 756 3780 est
781 3719 850 3778 tam
878 3714 974 3795 longe
1005 3716 1189 3781 venientem
1216 3736 1281 3782 non
1303 3717 1359 3782 de·

227 3833 361 3902 tinere«
441 3892 443 3896 ,
1044 3844 1046 3849 ’
1117 3816 1119 3820 ’

315 3951 422 4032 Illum,
445 3951 500 4034 qui
516 3951 688 4031 dubitavit,
711 3955 820 4016 utrum
842 3950 1059 4033 interroganti
1081 3951 1121 4016 de
1137 3953 1247 4036 aliqua
1262 3973 1360 4037 quae·

85 4044 88 4051 ·
133 4156 136 4161 Ι
232 4070 340 4138 stione
362 4069 497 4136 moralis
519 4068 746 4153 philosophiae
769 4069 873 4134 amico
897 4070 967 4135 sine
990 4089 1097 4150 mora,
1127 4072 1205 4152 quid
1236 4075 1276 4138 de
1300 4074 1360 4139 hac

231 4208 268 4257 re
291 4189 439 4271 sentiret,
463 4189 669 4268 rescriberet,
693 4207 735 4252 an
757 4189 886 4268 libmm,
910 4178 1007 4271 quem
1028 4190 1112 4255 hanc
1134 4193 1361 4273 quaestionem
