2992 4926
724 344 768 419 32

101 615 110 625 -
175 578 254 669 ¹ante
282 571 393 639 mariti
421 571 554 638 exilium
576 576 739 637 mortuam
770 591 844 639 esse
866 573 1045 640 verisimile
1069 581 1134 655 est,
1159 575 1236 658 quia
1260 573 1316 639 Se·

182 710 263 758 neca
285 692 319 757 in
342 690 565 757 consolatione
597 690 639 756 ad
667 691 819 757 Helviam
842 699 983 759 matrem
999 693 1099 776 (Dial.
1114 694 1203 778 1111.)
1226 694 1316 758 66116

178 812 277 876 verbo
311 811 382 892 ejus
416 816 494 876 tunc
528 809 628 875 ctiam
660 811 754 876 vivae
787 812 986 878 mentionem
1019 811 1097 879 iecit
1127 810 1317 878 sedilium

179 948 274 995 suum
286 929 403 1011 viginti
420 928 491 994 dies
507 933 584 994 ante
595 934 724 1010 patrem
740 931 905 996 exulatum
922 936 1085 997 mortuum
1108 950 1180 998 esse
1202 937 1318 996 narrat

178 1048 384 1114 inmanibus
408 1047 545 1113 Helviae
569 1049 672 1114 aviae.

264 1167 412 1233 Alteram
428 1164 546 1232 deinde
568 1183 703 1232 uxorem
726 1167 818 1234 duxit
833 1167 968 1250 Seneca,
991 1170 1082 1252 eujus
1098 1187 1216 1235 nomen
1232 1168 1316 1234 Pau-

183 1288 284 1353 linam
319 1287 391 1368 ipse
424 1284 572 1351 tradidit.
606 1283 660 1367 (ci.
683 1285 758 1352 Tac.
782 1286 850 1352 XV.
873 1291 924 1353 60.
959 1288 1042 1370 ,ipsi
1065 1307 1137 1354 cum
1159 1287 1317 1370 Pompeja

185 1404 360 1489 Paulina‘)
383 1404 453 1483 Quo
476 1422 567 1470 anno
579 1403 703 1471 Seneca
718 1404 802 1470 hanc
823 1424 957 1472 uxorem
981 1406 1109 1473 duxerit
1130 1406 1316 1492 nescitur,⁶)

182 1525 240 1590 sed
264 1525 388 1608 optime
411 1542 592 1603 sumamuS,
622 1540 696 1588 eum
718 1543 783 1589 666
805 1525 869 1590 6161
890 1530 968 1607 post
990 1526 1122 1592 exilium
1144 1526 1315 1590 Paulinam

182 1661 318 1709 uxorem
339 1642 485 1723 duxisse,
514 1641 592 1725 quia
619 1643 717 1708 aliter
737 1643 830 1725 {inter
857 1644 935 1709 exili
961 1648 1106 1710 terrores
1134 1649 1315 1723 enarratae,

183 1768 272 1828 certe
294 1761 380 1828 hune
401 1780 466 1827 non
490 1760 656 1827 omisisset
671 1767 860 1842 separatum
876 1781 912 1829 66
928 1781 1000 1829 6666
1021 1761 1061 1827 ab
1077 1782 1177 1829 uxore
1193 1768 1314 1827 amata.

269 1881 331 1960 Qui
352 1885 462 1946 autem
486 1879 642 1946 Senecam
664 1880 686 1945 l.
709 1881 731 1945 l.
754 1881 877 1962 VI.10,
904 1887 931 1946 1.
955 1881 996 1947 de
1019 1881 1087 1948 suis
1107 1881 1204 1947 rebus
1227 1881 1340 1955 locu·¹

183 2004 253 2065 tum
277 2017 349 2065 esse
371 2003 483 2083 putat,
510 1998 625 2064 laudes
655 1999 764 2078 ,clara
791 1998 911 2065 nobilis
934 2005 992 2065 aut
1012 1998 1156 2066 formosa
1178 2000 1313 2082 666166α

184 2133 250 2185 666
271 2119 375 2200 priori
407 2117 500 2184 uxori
533 2117 591 2183 sed
613 2116 770 2182 Paulinae
793 2119 969 2185 attributas
993 2137 1065 2185 esse
1087 2117 1182 2185 facile
1204 2136 1318 2183 conce-

185 2236 251 2317 det,
274 2236 445 2320 perpensis
473 2239 508 2301 et
535 2235 727 2317 blanditiis,
762 2236 879 2319 quibus
903 2237 1027 2304 Seneca
1059 2238 1155 2320 epist.
1182 2243 1251 2303 104.
1275 2234 1318 2302 de

185 2356 244 2422 illa
266 2355 343 2438 egit,
367 2374 520 2438 magnum
548 2354 659 2420 uxoris
689 2373 833 2422 amorem
861 2357 1110 2423 ostendentibus
1138 2361 1172 2422 et
1199 2356 1317 2421 Dionis
1383 2400 1394 2415 .

184 2475 310 2543 verbis:
334 2472 575 2557 ἐπιφανέστατον
595 2473 706 2556 γάμου.

268 2593 317 2659 Ex
339 2592 608 2660 antecedentibus
639 2593 741 2676 igitur
774 2593 858 2658 hunc
886 2592 1050 2675 dialogum
1072 2598 1149 2676 post
1171 2592 1317 2659 Senecae

185 2714 317 2779 exilium
340 2712 557 2795 compositum
579 2729 653 2777 esse
676 2711 834 2793 sequitur.

269 2832 377 2914 Negat
410 2831 540 2915 quidem
568 2830 777 2897 Lehmannus
806 2834 884 2912 post
917 2829 1048 2895 exilium
1082 2831 1231 2913 componi
1258 2848 1320 2912 po-

184 2953 306 3031 tuisse,
340 2950 398 3016 sed
421 2968 560 3030 causae,
596 2968 678 3032 quas
706 2947 821 3028 affert,
855 2950 1101 3016 demonstrandi
1134 2950 1167 3014 vi
1196 2954 1318 3015 carent.

186 3070 276 3134 Dicit
300 3069 386 3135 enim
411 3067 541 3150 (Philol.
564 3066 653 3132 VIII.
676 3086 708 3149 p.
732 3070 820 3153 312.)
846 3068 1052 3148 ,Verisimile
1079 3086 1239 3134 6666666
1263 3067 1320 3134 Se-

185 3206 299 3254 necam
332 3191 409 3270 post
441 3185 573 3252 exilium
605 3184 690 3253 hunc
724 3186 891 3270 dialogum
912 3185 1101 3270 scripsisse,
1125 3188 1203 3270 quia
1224 3187 1320 3254 initio

193 3401 552 3423 ——-—-----—---t

341 3523 417 3590 Quae
434 3521 505 3579 Dial
532 3521 595 3578 Xll.
623 3523 666 3578 18.
691 3525 716 3578 6.
741 3523 860 3594 ,mater“
884 3523 1037 3594 appellatur
1063 3522 1186 3579 Senecae
1209 3540 1323 3582 uxorem
1352 3518 1357 3527 ’

273 3626 358 3683 fuisse
376 3641 430 3682 non
447 3631 524 3696 puto,
542 3625 608 3696 quia
625 3626 648 3680 61
667 3625 793 3696 ,Marcus
808 3625 1000 3682 blandissimus
1017 3627 1102 3696 6666ιι
1118 3626 1190 3682 filius
1202 3626 1325 3684 Senecae

272 3728 369 3784 fnisset
409 3729 462 3785 hoc
484 3734 558 3785 certe
583 3728 671 3783 altero
688 3727 744 3782 filio
761 3727 844 3783 modo
861 3733 968 3784 mortuo
987 3729 1069 3797 (Dial.
1086 3728 1149 3786 ΧΠ.
1167 3731 1192 3786 2.
1209 3731 1248 3801 5.)
1265 3731 1325 3786 rhe

274 3830 361 3886 terico
379 3835 546 3887 exornasset

234 3968 264 4036 5)
282 3968 365 4023 Anno
383 3971 458 4022 certe
476 3967 510 4022 57
528 3980 642 4021 uxorem
659 3980 720 4020 eam
734 3965 793 4035 jam
810 3965 923 4035 habuit,
949 3967 983 4023 61.
1001 3967 1098 4023 Dionis
1115 3983 1139 4023 6.
1158 3969 1199 4023 10.
1217 3969 1235 4023 l.
1251 3967 1327 4038 LXI,

274 4070 321 4139 qui
345 4069 396 4125 snb
422 4068 476 4125 hoc
501 4083 573 4124 anno
596 4069 667 4123 inter
693 4067 763 4122 adua
788 4067 816 4121 in
839 4067 972 4124 Senecam
999 4070 1178 4126 contumeliae
1203 4070 1327 4138 ingestas

276 4175 366 4224 ταῦτα
386 4170 474 4241 inquit
491 4168 576 4240 δηλοῖ
601 4170 650 4223 τά6
668 4187 698 4223 τε
715 4170 853 4237 &aalysiae
870 4166 903 4224 ἅ6
919 4172 1051 4243 πράττων
1067 4173 1155 4240 γάμου
1173 4190 1204 4224 τε
1222 4173 1325 4244 ἐπιφα-

274 4273 407 4326 νέοτατον
425 4271 507 4342 ἔγημε
526 4273 572 4327 καὶ
589 4272 743 4344 perpaucae
761 4272 877 4345 ἐξώροιο
894 4272 994 4345 ἔχαιρε.
1023 4289 1048 4327 κ.
1068 4291 1092 4327 e.
1111 4274 1137 4326 λ.
