2992 4926
465 886 516 966 lle
540 888 735 970 Beneficiis
762 891 854 970 libri
882 895 1029 993 septem.

268 1094 337 1170 Quo
372 1119 455 1168 armo
492 1107 524 1171 bi
553 1109 629 1175 libri
663 1111 835 1191 compositi
873 1111 939 1176 sint
973 1113 1228 1178 incertissimum
1256 1120 1321 1180 est.

183 1203 290 1277 Probo
325 1222 436 1286 tamen
458 1225 638 1292 Lehmanni
672 1229 869 1295 sententiam
902 1250 985 1296 anno
1022 1236 1061 1296 58
1094 1250 1151 1297 eos
1175 1232 1323 1314 scriptos

182 1341 255 1392 esse
288 1341 523 1410 contendentis.
577 1347 691 1413 Causis
722 1350 838 1430 quibus
866 1351 928 1414 lroc
957 1350 1174 1415 demonstrari
1208 1355 1322 1432 putat,

183 1441 338 1518 Senecam
364 1459 490 1527 scilieet
512 1466 618 1530 tribus
641 1468 721 1531 locis
745 1468 783 1550 (Ι.
808 1474 837 1549 9,
860 1475 896 1548 4;
924 1474 972 1548 10,
996 1473 1032 1548 2;
1056 1469 1115 1532 Ill.
1142 1473 1191 1548 16,
1216 1471 1251 1554 2)
1277 1471 1323 1535 ad

183 1561 323 1638 Neronis
345 1577 519 1661 Poppaeae
544 1585 683 1651 Sabinae
706 1606 849 1652 amorem
880 1589 1145 1653 ardentissimum
1169 1607 1243 1654 sese
1267 1607 1322 1654 re-

180 1681 266 1755 ferre
289 1694 387 1785 aliam
411 1701 495 1765 adici
516 1704 623 1769 liceat.

267 1811 353 1881 Loco
376 1821 459 1884 enim
482 1822 536 1887 IV.
561 1828 611 1904 21,
636 1832 669 1889 5:
693 1826 815 1905 „Immo
839 1827 978 1907 amplius
1000 1827 1159 1890 adiciam:
1182 1830 1233 1890 est
1257 1826 1321 1890 ali,
1424 1916 1427 1922 Α

182 1933 310 2007 quando
334 1944 447 2018 gratus
464 1943 573 2023 etiam,
598 1946 652 2026 qui
669 1946 817 2027 ingratus
833 1945 972 2024 videtur,
997 1964 1092 2027 quem
1111 1945 1198 2009 mala
1213 1945 1320 2009 inter·

182 2065 258 2127 pres
282 2057 391 2136 opinio
414 2060 447 2124 in
470 2065 668 2128 contrarium
691 2065 839 2129 tradidit.
870 2064 932 2128 Hie
956 2064 1033 2145 quid
1058 2064 1147 2129 aliud
1165 2064 1317 2145 sequitur

180 2187 276 2250 quam
291 2175 397 2256 ipsam
413 2181 668 2246 conscientiam?
697 2202 780 2264 quae
804 2184 903 2247 etiam
916 2182 1033 2247 obruta
1046 2183 1203 2262 delectat,
1228 2202 1314 2264 quae

180 2293 326 2358 concioni
348 2315 385 2361 ac
408 2296 515 2364 famae
537 2302 695 2366 reclamat
718 2303 807 2367 etin
830 2321 865 2366 se
882 2302 991 2367 omnia
1006 2303 1146 2382 reponit,
1170 2307 1209 2366 et
1232 2320 1317 2366 curn

180 2411 383 2492 ingentem
408 2436 452 2483 111
475 2421 613 2486 altera
635 2429 753 2505 parte
776 2422 934 2487 turbam
959 2427 1108 2486 contra
1130 2421 1319 2486 sentien-

180 2531 278 2597 tium
292 2535 452 2619 adspexit,
465 2559 530 2604 non
541 2548 691 2606 numerat
702 2540 866 2622 suffragia,
881 2542 938 2604 sed
951 2559 1015 2604 una
1028 2540 1192 2604 sententia
1203 2538 1316 2604 vincit.

180 2651 214 2717 Si
222 2671 299 2717 vero
312 2655 431 2721 bonam
442 2655 540 2724 fidem
552 2659 709 2741 perfidiae
723 2659 891 2741 suppliciis
902 2657 1096 2738 afficiridet,
1109 2676 1173 2721 non
1182 2656 1317 2722 descen-

180 2773 228 2837 dit
250 2790 268 2837 e
290 2772 433 2857 fastigio,
459 2778 516 2842 sed
539 2799 639 2860 supra
660 2798 799 2860 poenam
810 2797 902 2843 suam
916 2778 1092 2843 constitit.“
1118 2775 1216 2840 etVl.
1231 2780 1260 2840 8.
1275 2781 1313 2840 4:

182 2892 415 2965 „Adversarius
439 2916 541 2978 meus,
565 2899 641 2963 dum
664 2898 828 2963 contraria
848 2897 927 2962 dicit
950 2902 983 2961 11
1002 2894 1314 2978 judicemsuperbia

180 3010 316 3077 offendit
351 3018 384 3077 et
416 3015 449 3078 in
483 3037 582 3081 unum
616 3023 735 3082 testem
768 3035 837 3081 rem
871 3015 1028 3093 demitti,
1053 3033 1183 3079 causam
1206 3032 1314 3078 meam

179 3132 292 3212 erexit,
315 3150 379 3196 non
402 3153 522 3215 quaero
545 3156 586 3201 an
609 3155 668 3217 pro
698 3155 749 3200 me
773 3135 944 3199 erraverit:
977 3138 1091 3198 contra
1113 3152 1164 3196 me
1186 3133 1312 3197 voluit“

179 3258 343 3317 auctorem
367 3253 409 3317 ad
433 3254 527 3319 Suilli
551 3256 791 3320 accusationem
814 3254 977 3334 respicere
999 3258 1088 3333 puto.

264 3372 312 3436 Ne
335 3372 407 3454 quis
431 3374 568 3438 miretur
589 3394 640 3439 me
664 3374 795 3454 saepius
818 3373 851 3437 in
875 3371 1058 3437 statuendis
1071 3370 1212 3435 Senecae
1235 3388 1314 3450 ope-

178 3511 250 3555 rum
273 3493 366 3557 annis
389 3496 515 3557 tantam
537 3494 602 3558 vim
626 3494 700 3558 huic
722 3492 921 3557 accusationi
944 3491 1110 3569 tribuisse,
1133 3489 1167 3552 in
1190 3507 1313 3552 memo-

178 3610 261 3673 riam
277 3611 387 3675 reduci
403 3610 545 3678 fortasse
561 3631 680 3693 operae
703 3612 845 3693 pretium
869 3617 929 3690 est,
954 3611 1014 3674 hac
1029 3607 1236 3674 accusatione
1254 3606 1312 3672 Se-

179 3746 291 3793 necam
317 3749 420 3811 usque
453 3732 494 3795 ad
521 3732 554 3795 id
575 3737 704 3814 tempus
733 3730 1078 3813 praepotentissimum
1107 3727 1248 3807 primum
1271 3726 1312 3790 ab

179 3847 273 3912 hoste
295 3850 434 3929 petitum
446 3851 552 3915 locum
569 3870 661 3916 suum
680 3851 832 3916 stabilem
846 3868 910 3913 non
923 3849 990 3929 jam
1007 3865 1079 3911 esse
1096 3845 1310 3924 intellexisse,

179 3986 241 4047 quo
265 3968 475 4033 vehementer
496 3971 603 4034 animo
628 3989 701 4034 eum
724 3975 847 4035 motum
869 3967 969 4032 fuisse
993 3967 1171 4032 credemus.
