<?xml version="1.0" encoding="UTF-8"?>
<!DOCTYPE html PUBLIC "-//W3C//DTD XHTML 1.0 Transitional//EN"
    "http://www.w3.org/TR/xhtml1/DTD/xhtml1-transitional.dtd">
<html xmlns="http://www.w3.org/1999/xhtml" xml:lang="en" lang="en">
 <head>
  <title>
</title>
<meta http-equiv="Content-Type" content="text/html;charset=utf-8" />
  <meta name='ocr-system' content='tesseract 3.04.00' />
  <meta name='ocr-capabilities' content='ocr_page ocr_carea ocr_par ocr_line ocrx_word'/>
</head>
<body>
  <div class='ocr_page' id='page_1' title='image "./delannaeiseneca00martgoog_0051.png"; bbox 0 0 2992 4926; ppageno 0'>
   <div class='ocr_carea' id='block_1_1' title="bbox 168 595 1345 4244">
    <p class='ocr_par' dir='ltr' id='par_1_1' title="bbox 168 595 1303 1159">
     <span class='ocr_line' id='line_1_1' title="bbox 256 595 1303 686; baseline -0.005 -21"><span class='ocrx_word' id='word_1_1' title='bbox 256 600 431 665; x_wconf 79' lang='lat' dir='ltr'>Suetonius</span> <span class='ocrx_word' id='word_1_2' title='bbox 453 599 486 662; x_wconf 93' lang='lat' dir='ltr'>in</span> <span class='ocrx_word' id='word_1_3' title='bbox 509 597 649 663; x_wconf 89' lang='lat' dir='ltr'>Neronis</span> <span class='ocrx_word' id='word_1_4' title='bbox 671 599 759 664; x_wconf 89' lang='lat' dir='ltr'>vitae</span> <span class='ocrx_word' id='word_1_5' title='bbox 782 616 854 679; x_wconf 91' lang='lat' dir='ltr'>cap.</span> <span class='ocrx_word' id='word_1_6' title='bbox 879 602 918 664; x_wconf 88' lang='grc'>36</span> <span class='ocrx_word' id='word_1_7' title='bbox 945 596 1067 686; x_wconf 85' lang='lat' dir='ltr'>„Stella</span> <span class='ocrx_word' id='word_1_8' title='bbox 1091 597 1227 662; x_wconf 81' lang='lat' dir='ltr'>crinita“</span> <span class='ocrx_word' id='word_1_9' title='bbox 1253 595 1303 660; x_wconf 90' lang='lat' dir='ltr'>iu·</span> 
     </span>
     <span class='ocr_line' id='line_1_2' title="bbox 169 715 1302 802; baseline -0.004 -19"><span class='ocrx_word' id='word_1_10' title='bbox 169 720 240 802; x_wconf 94' lang='lat' dir='ltr'>quit</span> <span class='ocrx_word' id='word_1_11' title='bbox 276 737 380 801; x_wconf 89' lang='lat' dir='ltr'>„quae</span> <span class='ocrx_word' id='word_1_12' title='bbox 416 717 549 782; x_wconf 92' lang='lat' dir='ltr'>summis</span> <span class='ocrx_word' id='word_1_13' title='bbox 583 718 803 799; x_wconf 81' lang='lat' dir='ltr'>potestatibus</span> <span class='ocrx_word' id='word_1_14' title='bbox 827 718 960 781; x_wconf 87' lang='lat' dir='ltr'>exitium</span> <span class='ocrx_word' id='word_1_15' title='bbox 983 717 1180 797; x_wconf 81' lang='lat' dir='ltr'>portendere</span> <span class='ocrx_word' id='word_1_16' title='bbox 1202 715 1302 796; x_wconf 89' lang='lat' dir='ltr'>vulgo</span> 
     </span>
     <span class='ocr_line' id='line_1_3' title="bbox 168 834 1303 920; baseline -0.004 -18"><span class='ocrx_word' id='word_1_17' title='bbox 168 843 303 920; x_wconf 89' lang='lat' dir='ltr'>putatur</span> <span class='ocrx_word' id='word_1_18' title='bbox 335 856 394 918; x_wconf 89' lang='lat' dir='ltr'>per</span> <span class='ocrx_word' id='word_1_19' title='bbox 428 836 598 901; x_wconf 89' lang='lat' dir='ltr'>continuas</span> <span class='ocrx_word' id='word_1_20' title='bbox 631 841 743 901; x_wconf 90' lang='lat' dir='ltr'>noctes</span> <span class='ocrx_word' id='word_1_21' title='bbox 781 837 861 901; x_wconf 91' lang='lat' dir='ltr'>oriri</span> <span class='ocrx_word' id='word_1_22' title='bbox 884 842 1054 917; x_wconf 83' lang='lat' dir='ltr'>coeperat“</span> <span class='ocrx_word' id='word_1_23' title='bbox 1082 834 1134 918; x_wconf 90' lang='lat' dir='ltr'>(cf.</span> <span class='ocrx_word' id='word_1_24' title='bbox 1159 835 1303 900; x_wconf 83' lang='lat' dir='ltr'>Senecae</span> 
     </span>
     <span class='ocr_line' id='line_1_4' title="bbox 169 953 1303 1035; baseline -0.004 -13"><span class='ocrx_word' id='word_1_25' title='bbox 169 957 269 1023; x_wconf 88' lang='lat' dir='ltr'>verba</span> <span class='ocrx_word' id='word_1_26' title='bbox 290 956 361 1021; x_wconf 91' lang='lat' dir='ltr'>Vll.</span> <span class='ocrx_word' id='word_1_27' title='bbox 394 960 445 1019; x_wconf 81' lang='lat'>21.</span> <span class='ocrx_word' id='word_1_28' title='bbox 480 961 498 1021; x_wconf 87' lang='lat'><strong>3</strong></span> <span class='ocrx_word' id='word_1_29' title='bbox 533 974 589 1020; x_wconf 90' lang='lat' dir='ltr'>sex</span> <span class='ocrx_word' id='word_1_30' title='bbox 622 957 706 1020; x_wconf 90' lang='lat' dir='ltr'>enim</span> <span class='ocrx_word' id='word_1_31' title='bbox 741 955 906 1020; x_wconf 92' lang='lat' dir='ltr'>mensibus</span> <span class='ocrx_word' id='word_1_32' title='bbox 1030 953 1242 1035; x_wconf 88' lang='lat' dir='ltr'>spectandum</span> <span class='ocrx_word' id='word_1_33' title='bbox 1267 971 1303 1018; x_wconf 89' lang='lat' dir='ltr'>se</span> 
     </span>
     <span class='ocr_line' id='line_1_5' title="bbox 170 1076 349 1159; baseline -0.011 -18"><span class='ocrx_word' id='word_1_34' title='bbox 170 1076 349 1159; x_wconf 88' lang='lat' dir='ltr'>praebuit.)</span> 
     </span>
    </p>

    <p class='ocr_par' dir='ltr' id='par_1_2' title="bbox 170 1191 1307 1989">
     <span class='ocr_line' id='line_1_6' title="bbox 255 1191 1305 1274; baseline -0.003 -15"><span class='ocrx_word' id='word_1_35' title='bbox 255 1193 406 1260; x_wconf 80' lang='lat' dir='ltr'>Cometes</span> <span class='ocrx_word' id='word_1_36' title='bbox 430 1193 530 1274; x_wconf 86' lang='lat' dir='ltr'>igitur</span> <span class='ocrx_word' id='word_1_37' title='bbox 553 1194 671 1258; x_wconf 86' lang='lat' dir='ltr'>ceteris</span> <span class='ocrx_word' id='word_1_38' title='bbox 683 1213 720 1257; x_wconf 91' lang='lat' dir='ltr'>co</span> <span class='ocrx_word' id='word_1_39' title='bbox 735 1193 878 1258; x_wconf 80' lang='lat' dir='ltr'>detraxit</span> <span class='ocrx_word' id='word_1_40' title='bbox 899 1191 1077 1271; x_wconf 84' lang='lat' dir='ltr'>infamiam,</span> <span class='ocrx_word' id='word_1_41' title='bbox 1101 1191 1187 1273; x_wconf 88' lang='lat' dir='ltr'>quod</span> <span class='ocrx_word' id='word_1_42' title='bbox 1211 1211 1305 1272; x_wconf 91' lang='lat' dir='ltr'>spem</span> 
     </span>
     <span class='ocr_line' id='line_1_7' title="bbox 172 1309 1306 1388; baseline -0.004 -10"><span class='ocrx_word' id='word_1_43' title='bbox 172 1315 388 1378; x_wconf 86' lang='lat' dir='ltr'>Romanorum</span> <span class='ocrx_word' id='word_1_44' title='bbox 420 1310 491 1376; x_wconf 87' lang='lat' dir='ltr'>fore</span> <span class='ocrx_word' id='word_1_45' title='bbox 525 1317 562 1377; x_wconf 91' lang='lat' dir='ltr'>ut</span> <span class='ocrx_word' id='word_1_46' title='bbox 583 1313 669 1376; x_wconf 89' lang='lat' dir='ltr'>Nero</span> <span class='ocrx_word' id='word_1_47' title='bbox 702 1317 885 1376; x_wconf 86' lang='lat' dir='ltr'>moreretur</span> <span class='ocrx_word' id='word_1_48' title='bbox 912 1309 1039 1375; x_wconf 86' lang='lat' dir='ltr'>fefellit.</span> <span class='ocrx_word' id='word_1_49' title='bbox 1087 1310 1170 1388; x_wconf 83' lang='lat' dir='ltr'>Quia</span> <span class='ocrx_word' id='word_1_50' title='bbox 1194 1316 1306 1375; x_wconf 90' lang='lat' dir='ltr'>autem</span> 
     </span>
     <span class='ocr_line' id='line_1_8' title="bbox 172 1430 1305 1512; baseline -0.004 -14"><span class='ocrx_word' id='word_1_51' title='bbox 172 1433 305 1512; x_wconf 89' lang='lat' dir='ltr'>Seneca,</span> <span class='ocrx_word' id='word_1_52' title='bbox 331 1433 382 1496; x_wconf 91' lang='lat' dir='ltr'>cui</span> <span class='ocrx_word' id='word_1_53' title='bbox 405 1436 548 1497; x_wconf 88' lang='lat' dir='ltr'>cometes</span> <span class='ocrx_word' id='word_1_54' title='bbox 571 1433 729 1496; x_wconf 83' lang='lat' dir='ltr'>tractanti</span> <span class='ocrx_word' id='word_1_55' title='bbox 753 1437 828 1495; x_wconf 88' lang='lat' dir='ltr'>ante</span> <span class='ocrx_word' id='word_1_56' title='bbox 853 1431 961 1494; x_wconf 90' lang='lat' dir='ltr'>omnia</span> <span class='ocrx_word' id='word_1_57' title='bbox 984 1430 1018 1492; x_wconf 94' lang='lat' dir='ltr'>id</span> <span class='ocrx_word' id='word_1_58' title='bbox 1043 1430 1205 1512; x_wconf 89' lang='lat' dir='ltr'>agendum</span> <span class='ocrx_word' id='word_1_59' title='bbox 1221 1435 1305 1510; x_wconf 90' lang='lat' dir='ltr'>erat,</span> 
     </span>
     <span class='ocr_line' id='line_1_9' title="bbox 171 1549 1307 1632; baseline -0.004 -15"><span class='ocrx_word' id='word_1_60' title='bbox 171 1557 208 1617; x_wconf 88' lang='lat' dir='ltr'>ut</span> <span class='ocrx_word' id='word_1_61' title='bbox 231 1552 258 1617; x_wconf 87' lang='lat' dir='ltr'>si</span> <span class='ocrx_word' id='word_1_62' title='bbox 281 1551 389 1632; x_wconf 86' lang='lat' dir='ltr'>potuit</span> <span class='ocrx_word' id='word_1_63' title='bbox 413 1570 432 1614; x_wconf 95' lang='lat' dir='ltr'>a</span> <span class='ocrx_word' id='word_1_64' title='bbox 455 1569 490 1614; x_wconf 90' lang='lat' dir='ltr'>se</span> <span class='ocrx_word' id='word_1_65' title='bbox 514 1551 585 1631; x_wconf 91' lang='lat' dir='ltr'>ipso</span> <span class='ocrx_word' id='word_1_66' title='bbox 608 1551 696 1616; x_wconf 90' lang='lat' dir='ltr'>visos</span> <span class='ocrx_word' id='word_1_67' title='bbox 720 1555 935 1628; x_wconf 88' lang='lat' dir='ltr'>memoraret,</span> <span class='ocrx_word' id='word_1_68' title='bbox 971 1567 1035 1612; x_wconf 91' lang='lat' dir='ltr'>non</span> <span class='ocrx_word' id='word_1_69' title='bbox 1069 1549 1134 1613; x_wconf 87' lang='lat' dir='ltr'>nisi</span> <span class='ocrx_word' id='word_1_70' title='bbox 1169 1549 1209 1612; x_wconf 92' lang='lat' dir='ltr'>de</span> <span class='ocrx_word' id='word_1_71' title='bbox 1244 1549 1307 1613; x_wconf 92' lang='lat' dir='ltr'>hoc</span> 
     </span>
     <span class='ocr_line' id='line_1_10' title="bbox 170 1667 1306 1751; baseline -0.003 -17"><span class='ocrx_word' id='word_1_72' title='bbox 170 1690 233 1737; x_wconf 81' lang='lat' dir='ltr'>uiro</span> <span class='ocrx_word' id='word_1_73' title='bbox 257 1671 333 1735; x_wconf 86' lang='lat' dir='ltr'>anni</span> <span class='ocrx_word' id='word_1_74' title='bbox 358 1669 552 1751; x_wconf 83' lang='lat' dir='ltr'>sexagesimi</span> <span class='ocrx_word' id='word_1_75' title='bbox 581 1675 705 1734; x_wconf 89' lang='lat' dir='ltr'>comete</span> <span class='ocrx_word' id='word_1_76' title='bbox 734 1668 880 1750; x_wconf 91' lang='lat' dir='ltr'>loquitur</span> <span class='ocrx_word' id='word_1_77' title='bbox 908 1686 967 1747; x_wconf 94' lang='lat' dir='ltr'>pro</span> <span class='ocrx_word' id='word_1_78' title='bbox 993 1671 1081 1732; x_wconf 89' lang='lat' dir='ltr'>certo</span> <span class='ocrx_word' id='word_1_79' title='bbox 1106 1667 1306 1732; x_wconf 86' lang='lat' dir='ltr'>contendere</span> 
     </span>
     <span class='ocr_line' id='line_1_11' title="bbox 170 1784 1307 1871; baseline -0.004 -17"><span class='ocrx_word' id='word_1_80' title='bbox 170 1790 361 1871; x_wconf 85' lang='lat' dir='ltr'>poterimus,</span> <span class='ocrx_word' id='word_1_81' title='bbox 386 1807 459 1852; x_wconf 90' lang='lat' dir='ltr'>eum</span> <span class='ocrx_word' id='word_1_82' title='bbox 482 1788 602 1854; x_wconf 92' lang='lat' dir='ltr'>librum</span> <span class='ocrx_word' id='word_1_83' title='bbox 626 1789 800 1869; x_wconf 90' lang='lat' dir='ltr'>septimum</span> <span class='ocrx_word' id='word_1_84' title='bbox 824 1792 900 1851; x_wconf 87' lang='lat' dir='ltr'>ante</span> <span class='ocrx_word' id='word_1_85' title='bbox 935 1790 1116 1866; x_wconf 89' lang='lat' dir='ltr'>cometem,</span> <span class='ocrx_word' id='word_1_86' title='bbox 1151 1786 1206 1868; x_wconf 91' lang='lat' dir='ltr'>qui</span> <span class='ocrx_word' id='word_1_87' title='bbox 1240 1784 1307 1850; x_wconf 90' lang='lat' dir='ltr'>fine</span> 
     </span>
     <span class='ocr_line' id='line_1_12' title="bbox 171 1889 993 1989; baseline -0.005 -17"><span class='ocrx_word' id='word_1_88' title='bbox 171 1909 249 1972; x_wconf 90' lang='lat' dir='ltr'>anni</span> <span class='ocrx_word' id='word_1_89' title='bbox 274 1908 468 1989; x_wconf 80' lang='lat' dir='ltr'>sexagesimi</span> <span class='ocrx_word' id='word_1_90' title='bbox 491 1908 599 1989; x_wconf 91' lang='lat' dir='ltr'>quarti</span> <span class='ocrx_word' id='word_1_91' title='bbox 623 1889 786 1988; x_wconf 88' lang='lat' dir='ltr'>apparuit,</span> <span class='ocrx_word' id='word_1_92' title='bbox 810 1906 993 1986; x_wconf 87' lang='lat' dir='ltr'>scripsisse.</span> 
     </span>
    </p>

    <p class='ocr_par' dir='ltr' id='par_1_3' title="bbox 171 2023 1345 2806">
     <span class='ocr_line' id='line_1_13' title="bbox 256 2023 1307 2108; baseline -0.006 -16"><span class='ocrx_word' id='word_1_93' title='bbox 256 2027 321 2092; x_wconf 86' lang='lat' dir='ltr'>Sed</span> <span class='ocrx_word' id='word_1_94' title='bbox 344 2027 444 2090; x_wconf 90' lang='lat' dir='ltr'>etiam</span> <span class='ocrx_word' id='word_1_95' title='bbox 468 2026 657 2108; x_wconf 89' lang='lat' dir='ltr'>diligentius</span> <span class='ocrx_word' id='word_1_96' title='bbox 679 2031 818 2107; x_wconf 88' lang='lat' dir='ltr'>tempus,</span> <span class='ocrx_word' id='word_1_97' title='bbox 842 2029 918 2105; x_wconf 86' lang='lat' dir='ltr'>post</span> <span class='ocrx_word' id='word_1_98' title='bbox 933 2024 1020 2106; x_wconf 89' lang='lat' dir='ltr'>quod</span> <span class='ocrx_word' id='word_1_99' title='bbox 1042 2024 1076 2087; x_wconf 88' lang='lat' dir='ltr'>hi</span> <span class='ocrx_word' id='word_1_100' title='bbox 1099 2023 1206 2088; x_wconf 91' lang='lat' dir='ltr'>ultimi</span> <span class='ocrx_word' id='word_1_101' title='bbox 1228 2023 1307 2087; x_wconf 92' lang='lat' dir='ltr'>libri</span> 
     </span>
     <span class='ocr_line' id='line_1_14' title="bbox 171 2142 1307 2225; baseline -0.005 -14"><span class='ocrx_word' id='word_1_102' title='bbox 171 2147 270 2211; x_wconf 91' lang='lat' dir='ltr'>scribi</span> <span class='ocrx_word' id='word_1_103' title='bbox 294 2165 358 2208; x_wconf 93' lang='lat' dir='ltr'>uon</span> <span class='ocrx_word' id='word_1_104' title='bbox 380 2149 544 2225; x_wconf 89' lang='lat' dir='ltr'>poterant,</span> <span class='ocrx_word' id='word_1_105' title='bbox 569 2149 714 2208; x_wconf 85' lang='lat' dir='ltr'>statuere</span> <span class='ocrx_word' id='word_1_106' title='bbox 736 2163 921 2225; x_wconf 88' lang='lat' dir='ltr'>possumus.</span> <span class='ocrx_word' id='word_1_107' title='bbox 969 2143 1096 2224; x_wconf 86' lang='lat' dir='ltr'>incepit</span> <span class='ocrx_word' id='word_1_108' title='bbox 1119 2142 1204 2206; x_wconf 92' lang='lat' dir='ltr'>euim</span> <span class='ocrx_word' id='word_1_109' title='bbox 1228 2146 1307 2206; x_wconf 88' lang='lat' dir='ltr'>aute</span> 
     </span>
     <span class='ocr_line' id='line_1_15' title="bbox 172 2261 1307 2345; baseline -0.005 -16"><span class='ocrx_word' id='word_1_110' title='bbox 172 2265 258 2330; x_wconf 89' lang='lat' dir='ltr'>diem</span> <span class='ocrx_word' id='word_1_111' title='bbox 282 2269 432 2345; x_wconf 87' lang='lat' dir='ltr'>quartum</span> <span class='ocrx_word' id='word_1_112' title='bbox 466 2267 499 2327; x_wconf 88' lang='lat' dir='ltr'>et</span> <span class='ocrx_word' id='word_1_113' title='bbox 532 2263 691 2328; x_wconf 91' lang='lat' dir='ltr'>decimum</span> <span class='ocrx_word' id='word_1_114' title='bbox 722 2263 796 2327; x_wconf 86' lang='lat' dir='ltr'>Kal.</span> <span class='ocrx_word' id='word_1_115' title='bbox 821 2262 960 2328; x_wconf 87' lang='lat' dir='ltr'>Sextiles</span> <span class='ocrx_word' id='word_1_116' title='bbox 993 2262 1122 2336; x_wconf 86' lang='lat' dir='ltr'>„clades</span> <span class='ocrx_word' id='word_1_117' title='bbox 1151 2261 1307 2341; x_wconf 89' lang='lat' dir='ltr'>omnium,</span> 
     </span>
     <span class='ocr_line' id='line_1_16' title="bbox 172 2379 1308 2466; baseline -0.005 -18"><span class='ocrx_word' id='word_1_118' title='bbox 172 2402 255 2466; x_wconf 90' lang='lat' dir='ltr'>quae</span> <span class='ocrx_word' id='word_1_119' title='bbox 288 2383 362 2446; x_wconf 92' lang='lat' dir='ltr'>huic</span> <span class='ocrx_word' id='word_1_120' title='bbox 395 2381 467 2445; x_wconf 92' lang='lat' dir='ltr'>urbi</span> <span class='ocrx_word' id='word_1_121' title='bbox 499 2401 559 2463; x_wconf 95' lang='lat' dir='ltr'>per</span> <span class='ocrx_word' id='word_1_122' title='bbox 593 2382 784 2446; x_wconf 87' lang='lat' dir='ltr'>violentiam</span> <span class='ocrx_word' id='word_1_123' title='bbox 806 2382 929 2463; x_wconf 82' lang='lat' dir='ltr'>ignium</span> <span class='ocrx_word' id='word_1_124' title='bbox 953 2381 1150 2459; x_wconf 90' lang='lat' dir='ltr'>acciderant,</span> <span class='ocrx_word' id='word_1_125' title='bbox 1175 2379 1308 2461; x_wconf 86' lang='lat' dir='ltr'>gravior</span> 
     </span>
     <span class='ocr_line' id='line_1_17' title="bbox 173 2500 1333 2583; baseline -0.004 -16"><span class='ocrx_word' id='word_1_126' title='bbox 173 2508 273 2583; x_wconf 88' lang='lat' dir='ltr'>atque</span> <span class='ocrx_word' id='word_1_127' title='bbox 297 2501 469 2566; x_wconf 78' lang='lat' dir='ltr'>at1·ocior.“</span> <span class='ocrx_word' id='word_1_128' title='bbox 516 2502 684 2583; x_wconf 91' lang='lat' dir='ltr'>Nusquam</span> <span class='ocrx_word' id='word_1_129' title='bbox 705 2520 725 2564; x_wconf 91' lang='lat' dir='ltr'>a</span> <span class='ocrx_word' id='word_1_130' title='bbox 748 2501 872 2566; x_wconf 89' lang='lat' dir='ltr'>Seneca</span> <span class='ocrx_word' id='word_1_131' title='bbox 894 2500 955 2564; x_wconf 88' lang='lat' dir='ltr'>hoc</span> <span class='ocrx_word' id='word_1_132' title='bbox 978 2500 1163 2564; x_wconf 90' lang='lat' dir='ltr'>incendium</span> <span class='ocrx_word' id='word_1_133' title='bbox 1186 2516 1333 2562; x_wconf 91' lang='lat' dir='ltr'>memo·-</span> 
     </span>
     <span class='ocr_line' id='line_1_18' title="bbox 172 2617 1345 2712; baseline -0.003 -27"><span class='ocrx_word' id='word_1_134' title='bbox 172 2626 280 2685; x_wconf 89' lang='lat' dir='ltr'>ratum</span> <span class='ocrx_word' id='word_1_135' title='bbox 304 2626 364 2701; x_wconf 91' lang='lat' dir='ltr'>est,</span> <span class='ocrx_word' id='word_1_136' title='bbox 388 2639 471 2703; x_wconf 87' lang='lat' dir='ltr'>quae</span> <span class='ocrx_word' id='word_1_137' title='bbox 494 2626 605 2712; x_wconf 87' lang='lat' dir='ltr'>tamen</span> <span class='ocrx_word' id='word_1_138' title='bbox 621 2620 814 2685; x_wconf 91' lang='lat' dir='ltr'>memoratio</span> <span class='ocrx_word' id='word_1_139' title='bbox 838 2619 919 2684; x_wconf 93' lang='lat' dir='ltr'>locis</span> <span class='ocrx_word' id='word_1_140' title='bbox 943 2619 1105 2684; x_wconf 87' lang='lat' dir='ltr'>nonnullis</span> <span class='ocrx_word' id='word_1_141' title='bbox 1135 2617 1309 2698; x_wconf 86' lang='lat' dir='ltr'>aptissima</span> <span class='ocrx_word' id='word_1_142' title='bbox 1338 2632 1345 2645; x_wconf 68' lang='grc'><strong>“</strong></span> 
     </span>
     <span class='ocr_line' id='line_1_19' title="bbox 171 2741 296 2806; baseline -0.008 -1"><span class='ocrx_word' id='word_1_143' title='bbox 171 2741 296 2806; x_wconf 87' lang='lat' dir='ltr'>fuisset.</span> 
     </span>
    </p>

    <p class='ocr_par' dir='ltr' id='par_1_4' title="bbox 173 2855 1308 3294">
     <span class='ocr_line' id='line_1_20' title="bbox 261 2855 1306 2939; baseline -0.004 -16"><span class='ocrx_word' id='word_1_144' title='bbox 261 2858 314 2924; x_wconf 92' lang='lat' dir='ltr'>Sic</span> <span class='ocrx_word' id='word_1_145' title='bbox 335 2857 390 2922; x_wconf 84' lang='lat' dir='ltr'>VI.</span> <span class='ocrx_word' id='word_1_146' title='bbox 415 2861 433 2921; x_wconf 81' lang='lat'><strong>2</strong></span> <span class='ocrx_word' id='word_1_147' title='bbox 465 2858 548 2922; x_wconf 87' lang='lat' dir='ltr'>nibil</span> <span class='ocrx_word' id='word_1_148' title='bbox 571 2858 611 2922; x_wconf 94' lang='lat' dir='ltr'>de</span> <span class='ocrx_word' id='word_1_149' title='bbox 633 2859 694 2922; x_wconf 91' lang='lat' dir='ltr'>hac</span> <span class='ocrx_word' id='word_1_150' title='bbox 718 2858 809 2922; x_wconf 88' lang='lat' dir='ltr'>clade</span> <span class='ocrx_word' id='word_1_151' title='bbox 833 2857 953 2922; x_wconf 92' lang='lat' dir='ltr'>dicitur</span> <span class='ocrx_word' id='word_1_152' title='bbox 975 2874 1078 2939; x_wconf 90' lang='lat' dir='ltr'>neque</span> <span class='ocrx_word' id='word_1_153' title='bbox 1101 2856 1135 2920; x_wconf 92' lang='lat' dir='ltr'>in</span> <span class='ocrx_word' id='word_1_154' title='bbox 1159 2855 1306 2938; x_wconf 90' lang='lat' dir='ltr'>ejusdem</span> 
     </span>
     <span class='ocr_line' id='line_1_21' title="bbox 173 2973 1308 3058; baseline -0.004 -17"><span class='ocrx_word' id='word_1_155' title='bbox 173 2978 249 3043; x_wconf 93' lang='lat' dir='ltr'>libri</span> <span class='ocrx_word' id='word_1_156' title='bbox 273 2995 342 3058; x_wconf 91' lang='lat' dir='ltr'>cap.</span> <span class='ocrx_word' id='word_1_157' title='bbox 378 2995 462 3040; x_wconf 90' lang='lat' dir='ltr'>nono</span> <span class='ocrx_word' id='word_1_158' title='bbox 502 2977 591 3049; x_wconf 88' lang='lat' dir='ltr'>„Hoc</span> <span class='ocrx_word' id='word_1_159' title='bbox 624 2977 711 3058; x_wconf 88' lang='lat' dir='ltr'>apud</span> <span class='ocrx_word' id='word_1_160' title='bbox 744 2995 803 3042; x_wconf 89' lang='lat' dir='ltr'>nos</span> <span class='ocrx_word' id='word_1_161' title='bbox 837 2995 964 3058; x_wconf 88' lang='lat' dir='ltr'>quoque</span> <span class='ocrx_word' id='word_1_162' title='bbox 988 2975 1135 3039; x_wconf 88' lang='lat' dir='ltr'>videmus</span> <span class='ocrx_word' id='word_1_163' title='bbox 1158 2973 1308 3037; x_wconf 91' lang='lat' dir='ltr'>accidere</span> 
     </span>
     <span class='ocr_line' id='line_1_22' title="bbox 174 3093 1308 3178; baseline -0.002 -18"><span class='ocrx_word' id='word_1_164' title='bbox 174 3096 325 3178; x_wconf 88' lang='lat' dir='ltr'>quotiens</span> <span class='ocrx_word' id='word_1_165' title='bbox 350 3095 499 3160; x_wconf 90' lang='lat' dir='ltr'>incendio</span> <span class='ocrx_word' id='word_1_166' title='bbox 523 3095 653 3160; x_wconf 90' lang='lat' dir='ltr'>laborat</span> <span class='ocrx_word' id='word_1_167' title='bbox 674 3113 753 3175; x_wconf 90' lang='lat' dir='ltr'>pars</span> <span class='ocrx_word' id='word_1_168' title='bbox 769 3095 931 3160; x_wconf 82' lang='lat' dir='ltr'>civitatis“</span> <span class='ocrx_word' id='word_1_169' title='bbox 947 3112 975 3158; x_wconf 88' lang='lat' dir='ltr'>e.</span> <span class='ocrx_word' id='word_1_170' title='bbox 994 3114 1024 3175; x_wconf 89' lang='lat' dir='ltr'>q.</span> <span class='ocrx_word' id='word_1_171' title='bbox 1041 3112 1066 3161; x_wconf 91' lang='lat' dir='ltr'>s.</span> <span class='ocrx_word' id='word_1_172' title='bbox 1083 3093 1124 3157; x_wconf 93' lang='lat' dir='ltr'>ad</span> <span class='ocrx_word' id='word_1_173' title='bbox 1147 3111 1308 3158; x_wconf 89' lang='lat' dir='ltr'>summam</span> 
     </span>
     <span class='ocr_line' id='line_1_23' title="bbox 174 3213 738 3294; baseline -0.002 -15"><span class='ocrx_word' id='word_1_174' title='bbox 174 3215 265 3279; x_wconf 91' lang='lat' dir='ltr'>illam</span> <span class='ocrx_word' id='word_1_175' title='bbox 290 3215 414 3279; x_wconf 90' lang='lat' dir='ltr'>cladem</span> <span class='ocrx_word' id='word_1_176' title='bbox 437 3213 553 3278; x_wconf 88' lang='lat' dir='ltr'>referri</span> <span class='ocrx_word' id='word_1_177' title='bbox 574 3219 738 3294; x_wconf 83' lang='lat' dir='ltr'>putamus.</span> 
     </span>
    </p>

    <p class='ocr_par' dir='ltr' id='par_1_5' title="bbox 175 3328 1309 3891">
     <span class='ocr_line' id='line_1_24' title="bbox 260 3328 1308 3417; baseline -0.005 -20"><span class='ocrx_word' id='word_1_178' title='bbox 260 3332 588 3398; x_wconf 69' lang='lat' dir='ltr'>Obtendet&#39;lortasse</span> <span class='ocrx_word' id='word_1_179' title='bbox 611 3333 730 3417; x_wconf 79' lang='lat' dir='ltr'>aliquis</span> <span class='ocrx_word' id='word_1_180' title='bbox 754 3333 848 3411; x_wconf 81' lang='lat' dir='ltr'>milti3</span> <span class='ocrx_word' id='word_1_181' title='bbox 872 3349 950 3395; x_wconf 90' lang='lat' dir='ltr'>num</span> <span class='ocrx_word' id='word_1_182' title='bbox 972 3334 1009 3394; x_wconf 88' lang='lat' dir='ltr'>tu</span> <span class='ocrx_word' id='word_1_183' title='bbox 1030 3329 1137 3394; x_wconf 91' lang='lat' dir='ltr'>locum</span> <span class='ocrx_word' id='word_1_184' title='bbox 1154 3347 1223 3410; x_wconf 92' lang='lat' dir='ltr'>cap.</span> <span class='ocrx_word' id='word_1_185' title='bbox 1248 3328 1308 3392; x_wconf 94' lang='lat' dir='ltr'>tri-</span> 
     </span>
     <span class='ocr_line' id='line_1_25' title="bbox 175 3447 1309 3534; baseline -0.006 -16"><span class='ocrx_word' id='word_1_186' title='bbox 175 3452 287 3518; x_wconf 88' lang='lat' dir='ltr'>cesimi</span> <span class='ocrx_word' id='word_1_187' title='bbox 304 3453 439 3518; x_wconf 89' lang='lat' dir='ltr'>alterius</span> <span class='ocrx_word' id='word_1_188' title='bbox 456 3452 638 3534; x_wconf 89' lang='lat' dir='ltr'>neglexisti,</span> <span class='ocrx_word' id='word_1_189' title='bbox 661 3470 724 3534; x_wconf 89' lang='lat' dir='ltr'>qno</span> <span class='ocrx_word' id='word_1_190' title='bbox 741 3451 874 3515; x_wconf 87' lang='lat' dir='ltr'>disertis</span> <span class='ocrx_word' id='word_1_191' title='bbox 890 3449 997 3515; x_wconf 89' lang='lat' dir='ltr'>verbis</span> <span class='ocrx_word' id='word_1_192' title='bbox 1014 3449 1147 3513; x_wconf 92' lang='lat' dir='ltr'>dicitur:</span> <span class='ocrx_word' id='word_1_193' title='bbox 1173 3447 1309 3521; x_wconf 82' lang='lat' dir='ltr'>„Anima</span> 
     </span>
     <span class='ocr_line' id='line_1_26' title="bbox 175 3566 1309 3652; baseline -0.004 -17"><span class='ocrx_word' id='word_1_194' title='bbox 175 3573 208 3636; x_wconf 90' lang='lat' dir='ltr'>in</span> <span class='ocrx_word' id='word_1_195' title='bbox 232 3572 384 3652; x_wconf 86' lang='lat' dir='ltr'>expedito</span> <span class='ocrx_word' id='word_1_196' title='bbox 416 3576 467 3637; x_wconf 88' lang='lat' dir='ltr'>est</span> <span class='ocrx_word' id='word_1_197' title='bbox 496 3570 646 3636; x_wconf 89' lang='lat' dir='ltr'>habenda</span> <span class='ocrx_word' id='word_1_198' title='bbox 670 3571 737 3635; x_wconf 88' lang='lat' dir='ltr'>sive</span> <span class='ocrx_word' id='word_1_199' title='bbox 760 3570 850 3633; x_wconf 90' lang='lat' dir='ltr'>illam</span> <span class='ocrx_word' id='word_1_200' title='bbox 872 3569 1012 3633; x_wconf 90' lang='lat' dir='ltr'>insidiae</span> <span class='ocrx_word' id='word_1_201' title='bbox 1035 3568 1103 3632; x_wconf 90' lang='lat' dir='ltr'>sive</span> <span class='ocrx_word' id='word_1_202' title='bbox 1125 3566 1230 3631; x_wconf 92' lang='lat' dir='ltr'>morbi</span> <span class='ocrx_word' id='word_1_203' title='bbox 1252 3584 1309 3646; x_wconf 92' lang='lat' dir='ltr'>pe·</span> 
     </span>
     <span class='ocr_line' id='line_1_27' title="bbox 178 3685 1308 3771; baseline -0.006 -16"><span class='ocrx_word' id='word_1_204' title='bbox 178 3695 250 3755; x_wconf 87' lang='lat' dir='ltr'>tent</span> <span class='ocrx_word' id='word_1_205' title='bbox 273 3739 305 3754; x_wconf 93' lang='lat'>..</span> <span class='ocrx_word' id='word_1_206' title='bbox 330 3691 398 3755; x_wconf 88' lang='lat' dir='ltr'>sive</span> <span class='ocrx_word' id='word_1_207' title='bbox 420 3697 516 3756; x_wconf 86' lang='lat' dir='ltr'>vasta</span> <span class='ocrx_word' id='word_1_208' title='bbox 550 3691 599 3756; x_wconf 92' lang='lat' dir='ltr'>vis</span> <span class='ocrx_word' id='word_1_209' title='bbox 622 3690 746 3771; x_wconf 89' lang='lat' dir='ltr'>ignium</span> <span class='ocrx_word' id='word_1_210' title='bbox 781 3689 877 3754; x_wconf 88' lang='lat' dir='ltr'>urbes</span> <span class='ocrx_word' id='word_1_211' title='bbox 911 3705 1071 3768; x_wconf 85' lang='lat' dir='ltr'>agrosque</span> <span class='ocrx_word' id='word_1_212' title='bbox 1104 3686 1177 3766; x_wconf 88' lang='lat' dir='ltr'>pari</span> <span class='ocrx_word' id='word_1_213' title='bbox 1215 3685 1308 3750; x_wconf 88' lang='lat' dir='ltr'>clade</span> 
     </span>
     <span class='ocr_line' id='line_1_28' title="bbox 178 3809 375 3891; baseline -0.01 -17"><span class='ocrx_word' id='word_1_214' title='bbox 178 3809 375 3891; x_wconf 85' lang='lat' dir='ltr'>complexa.“</span> 
     </span>
    </p>

    <p class='ocr_par' dir='ltr' id='par_1_6' title="bbox 177 3923 1308 4244">
     <span class='ocr_line' id='line_1_29' title="bbox 262 3923 1308 4023; baseline -0.005 -31"><span class='ocrx_word' id='word_1_215' title='bbox 262 3927 365 4005; x_wconf 82' lang='lat' dir='ltr'>Quem</span> <span class='ocrx_word' id='word_1_216' title='bbox 387 3928 494 3992; x_wconf 91' lang='lat' dir='ltr'>locum</span> <span class='ocrx_word' id='word_1_217' title='bbox 517 3927 559 3991; x_wconf 90' lang='lat' dir='ltr'>ad</span> <span class='ocrx_word' id='word_1_218' title='bbox 577 3927 700 3992; x_wconf 86' lang='lat' dir='ltr'>Romae</span> <span class='ocrx_word' id='word_1_219' title='bbox 716 3925 900 3990; x_wconf 89' lang='lat' dir='ltr'>incendium</span> <span class='ocrx_word' id='word_1_220' title='bbox 924 3929 1073 4006; x_wconf 87' lang='lat' dir='ltr'>spectare</span> <span class='ocrx_word' id='word_1_221' title='bbox 1089 3942 1181 4023; x_wconf 80' lang='lat' dir='ltr'>nego,</span> <span class='ocrx_word' id='word_1_222' title='bbox 1206 3923 1308 4003; x_wconf 89' lang='lat' dir='ltr'>aptis·</span> 
     </span>
     <span class='ocr_line' id='line_1_30' title="bbox 177 4041 1308 4125; baseline -0.007 -12"><span class='ocrx_word' id='word_1_223' title='bbox 177 4048 260 4113; x_wconf 89' lang='lat' dir='ltr'>sime</span> <span class='ocrx_word' id='word_1_224' title='bbox 284 4047 370 4111; x_wconf 88' lang='lat' dir='ltr'>enim</span> <span class='ocrx_word' id='word_1_225' title='bbox 392 4047 473 4111; x_wconf 92' lang='lat' dir='ltr'>haec</span> <span class='ocrx_word' id='word_1_226' title='bbox 495 4048 597 4113; x_wconf 86' lang='lat' dir='ltr'>verba</span> <span class='ocrx_word' id='word_1_227' title='bbox 620 4048 662 4111; x_wconf 91' lang='lat' dir='ltr'>ad</span> <span class='ocrx_word' id='word_1_228' title='bbox 683 4046 842 4110; x_wconf 90' lang='lat' dir='ltr'>Lucilium</span> <span class='ocrx_word' id='word_1_229' title='bbox 878 4043 1001 4125; x_wconf 89' lang='lat' dir='ltr'>scripta</span> <span class='ocrx_word' id='word_1_230' title='bbox 1030 4043 1071 4107; x_wconf 93' lang='lat' dir='ltr'>ad</span> <span class='ocrx_word' id='word_1_231' title='bbox 1097 4041 1308 4123; x_wconf 83' lang='lat' dir='ltr'>„Lugdunen-</span> 
     </span>
     <span class='ocr_line' id='line_1_31' title="bbox 177 4160 1308 4244; baseline -0.007 -13"><span class='ocrx_word' id='word_1_232' title='bbox 177 4185 247 4231; x_wconf 88' lang='lat' dir='ltr'>sem</span> <span class='ocrx_word' id='word_1_233' title='bbox 280 4165 440 4230; x_wconf 89' lang='lat' dir='ltr'>coloniam</span> <span class='ocrx_word' id='word_1_234' title='bbox 475 4167 642 4231; x_wconf 83' lang='lat' dir='ltr'>exustam“</span> <span class='ocrx_word' id='word_1_235' title='bbox 667 4162 784 4229; x_wconf 88' lang='lat' dir='ltr'>referri</span> <span class='ocrx_word' id='word_1_236' title='bbox 818 4167 977 4244; x_wconf 90' lang='lat' dir='ltr'>possunt,</span> <span class='ocrx_word' id='word_1_237' title='bbox 1006 4181 1102 4243; x_wconf 91' lang='lat' dir='ltr'>quam</span> <span class='ocrx_word' id='word_1_238' title='bbox 1123 4160 1308 4224; x_wconf 89' lang='lat' dir='ltr'>Liberalem</span> 
     </span>
    </p>
   </div>
   <div class='ocr_carea' id='block_1_2' title="bbox 175 4279 1309 4367">
    <p class='ocr_par' dir='ltr' id='par_1_7' title="bbox 175 4279 1309 4367">
     <span class='ocr_line' id='line_1_32' title="bbox 175 4279 1309 4367; baseline -0.006 -18"><span class='ocrx_word' id='word_1_239' title='bbox 175 4286 289 4367; x_wconf 89' lang='lat' dir='ltr'>lugere</span> <span class='ocrx_word' id='word_1_240' title='bbox 312 4283 436 4349; x_wconf 89' lang='lat' dir='ltr'>Seneca</span> <span class='ocrx_word' id='word_1_241' title='bbox 458 4285 492 4348; x_wconf 91' lang='lat' dir='ltr'>in</span> <span class='ocrx_word' id='word_1_242' title='bbox 517 4285 612 4366; x_wconf 86' lang='lat' dir='ltr'>epist.</span> <span class='ocrx_word' id='word_1_243' title='bbox 637 4289 688 4364; x_wconf 83' lang='lat'>91,</span> <span class='ocrx_word' id='word_1_244' title='bbox 713 4282 818 4347; x_wconf 88' lang='lat' dir='ltr'>eidem</span> <span class='ocrx_word' id='word_1_245' title='bbox 829 4281 954 4346; x_wconf 91' lang='lat' dir='ltr'>Lucilio</span> <span class='ocrx_word' id='word_1_246' title='bbox 977 4281 1087 4360; x_wconf 87' lang='lat' dir='ltr'>missa,</span> <span class='ocrx_word' id='word_1_247' title='bbox 1112 4280 1150 4344; x_wconf 95' lang='lat' dir='ltr'>de</span> <span class='ocrx_word' id='word_1_248' title='bbox 1175 4298 1239 4363; x_wconf 88' lang='lat' dir='ltr'>qua</span> <span class='ocrx_word' id='word_1_249' title='bbox 1260 4279 1309 4342; x_wconf 91' lang='lat' dir='ltr'>in-</span> 
     </span>
    </p>
   </div>
   <div class='ocr_carea' id='block_1_3' title="bbox 345 4562 487 4616">
    <p class='ocr_par' dir='ltr' id='par_1_8' title="bbox 345 4562 487 4616">
     <span class='ocr_line' id='line_1_33' title="bbox 345 4562 487 4616; baseline -0.014 1"><span class='ocrx_word' id='word_1_250' title='bbox 345 4562 487 4616; x_wconf 60' lang='lat' dir='ltr'>A.</span> 
     </span>
    </p>
   </div>
   <div class='ocr_carea' id='block_1_4' title="bbox 0 0 1512 4926">
    <p class='ocr_par' dir='ltr' id='par_1_9' title="bbox 0 0 1512 4926">
     <span class='ocr_line' id='line_1_34' title="bbox 0 0 1512 4926; baseline 0 0"><span class='ocrx_word' id='word_1_251' title='bbox 0 0 1512 4926; x_wconf 95' lang='lat' dir='ltr'> </span> 
     </span>
    </p>
   </div>
  </div>
 </body>
</html>
