2992 4926
145 1012 199 1092 lu
227 1010 420 1091 Serenum:
448 1030 515 1085 nec
540 1005 717 1108 injuriam
744 1026 811 1082 neo
837 1003 1091 1083 contumeliam
1115 1005 1281 1105 accipere

614 1141 816 1242 sapientem

686 1327 746 1381 sive

355 1491 428 1575 De
458 1485 768 1575 constantia
798 1483 1071 1597 sapientis.

632 1650 717 1722 (Dial.
734 1651 782 1720 Il.)

232 1943 362 2022 Facile,
398 1961 493 2024 quem
528 1942 570 2007 ad
602 1941 700 2007 finem
733 1942 818 2006 alter
841 1941 990 2022 dialogus
1014 1943 1214 2022 compositus
1238 1944 1282 2007 sit

146 2063 355 2144 perspicitur.
404 2061 528 2126 Seneca
562 2066 666 2127 semet
698 2063 806 2143 ipsum
830 2059 1004 2125 defendere
1028 2067 1177 2139 conatur;
1207 2081 1281 2125 con-

147 2185 200 2244 tra
223 2182 322 2262 quid?

31 2298 36 2302 ’
109 2292 115 2303 '
230 2300 281 2364 De
316 2299 376 2364 hac
408 2300 600 2382 quaestione
624 2317 822 2381 magnopere
854 2299 1084 2363 aLehmanno
1108 2298 1280 2379 dissentio,

149 2419 202 2499 qui
225 2423 401 2501 postquam
435 2421 470 2483 in
490 2418 660 2499 Philologo
694 2417 757 2482 vol.
781 2417 860 2483 VIII
892 2418 976 2481 hunc
1006 2418 1171 2499 dialogum
1195 2437 1279 2482 anno

148 2542 189 2601 49
217 2539 434 2619 compositum
457 2556 530 2603 esse
553 2537 739 2615 contendit,
764 2536 922 2620 (laudatis
950 2554 1019 2616 cap.
1048 2542 1094 2599 14.
1118 2537 1282 2616 prioribus

150 2655 279 2720 duabus
302 2657 533 2742 paragraphis)
556 2662 673 2738 postea
706 2657 741 2720 im
773 2655 858 2719 libro
887 2656 926 2719 de
950 2653 1062 2719 Claud.
1087 2659 1120 2719 et
1141 2655 1216 2722 Ner.
1240 2656 1281 2719 ad

151 2792 274 2839 annum
298 2779 337 2840 58
360 2775 528 2841 rettulisse
550 2774 713 2857 videturl)
736 2775 869 2838 laudato
893 2774 1008 2838 eodem
1030 2773 1112 2837 loco.

235 2893 452 2974 Inspiciamus
475 2894 589 2959 verba:
617 2895 740 2974 ,Tanta
756 2893 914 2974 quosdam
936 2893 1101 2958 dementia
1122 2896 1223 2971 tenet,
1246 2896 1282 2956 ut

150 3012 213 3078 sibi
238 3013 468 3078 contumeliam
500 3011 571 3078 fieri
604 3017 722 3095 putent
750 3031 847 3092 posse
871 3029 890 3075 a
913 3011 1058 3091 muliere,
1083 3013 1161 3094 quid
1182 3011 1283 3078 refert

62 3214 70 3233 ⁶
149 3149 247 3213 quam
270 3132 435 3212 habeant,
469 3138 548 3214 quot
580 3133 768 3198 lecticarios
792 3132 982 3210 habentem,
1007 3149 1104 3213 quam
1129 3138 1282 3196 oneratas

150 3267 246 3316 aures
281 3270 380 3333 quam
413 3251 522 3316 laxam
545 3252 660 3317 sellam
684 3257 760 3317 ...“
785 3251 895 3333 pergit
918 3250 1059 3330 scriptor
1081 3251 1239 3331 quosdam
1263 3271 1283 3315 a

150 3369 332 3450 cinerario,
367 3370 524 3451 ostiario,
547 3372 809 3450 nomenclatore,
834 3369 1030 3435 cubiculario
1058 3369 1195 3449 impurias
1220 3369 1282 3432 sibi

150 3488 280 3554 adlatas
304 3488 441 3553 moleste
464 3488 565 3570 ferre;
588 3494 657 3554 tum
680 3489 818 3571 quaerit,
845 3489 941 3570 „quid
964 3506 1040 3569 ergo
1065 3487 1194 3566 sapiens
1219 3505 1282 3550 non

151 3608 287 3672 accedet
308 3607 350 3672 ad
372 3606 481 3686 fores,
517 3626 597 3690 quas
632 3608 732 3673 durus
760 3608 886 3691 janitor
909 3607 1058 3672 obsidet?
1103 3604 1162 3670 llle
1184 3617 1279 3670 vero“

147 3743 174 3790 e.
198 3745 228 3807 q.
255 3745 281 3791 a.

234 3843 397 3926 Equidem
419 3844 563 3910 libenter
587 3846 728 3911 concedo
744 3862 795 3909 me
811 3862 875 3908 non
891 3843 1101 3923 intellexisse,
1125 3863 1181 3908 cur
1203 3844 1283 3907 haec

145 4060 504 4069 ——u—---——-——-——--

190 4217 220 4285 6)
239 4217 358 4286 Dialogo
377 4218 448 4273 enim
466 4218 582 4286 septimo
601 4216 628 4269 in
648 4214 770 4269 a11n058
792 4215 885 4283 posito¹
905 4230 932 4283 p.
949 4215 982 4268 14
1006 4215 1045 4269 sic
1068 4215 1159 4283 pergit
1183 4215 1283 4283 ,Elisa
1344 4206 1346 4210 ’

233 4319 377 4375 desselben
389 4319 448 4375 Zeit
466 4319 586 4388 glauben
604 4318 655 4374 wir
673 4317 743 4371 anach
761 4316 836 4371 diese
856 4316 957 4371 Schrist
974 4317 1109 4372 anaweisen
1122 4332 1155 4370 zu
1167 4321 1284 4375 milssen.

1030 4424 1073 4486 3*
