2992 4926
429 943 483 1024 Aoi
512 942 701 1043 Polybium
727 941 772 1022 oie
799 941 1063 1037 consolatione,

664 1091 747 1154 <oran
767 1090 827 1159 m.)

265 1383 429 1465 Scriptum
462 1383 546 1449 hune
579 1383 745 1467 dialogum
777 1388 858 1465 puto
886 1381 950 1447 fine
972 1381 1049 1448 anni
1071 1388 1112 1447 41
1135 1385 1193 1447 aut
1214 1381 1313 1446 initio

179 1520 263 1567 auno
293 1507 334 1567 42
359 1501 398 1567 cf.
422 1520 491 1584 cap.
517 1503 634 1568 decimi
670 1503 751 1569 terti
778 1503 1023 1586 paragraphum
1060 1501 1199 1566 alteram
1232 1501 1315 1579 „Hic

179 1621 363 1706 (Claudius)
382 1620 591 1686 Germaniam
612 1623 732 1704 placet,
755 1621 961 1687 Britanniam
977 1620 1107 1702 aperiat
1128 1624 1163 1685 et
1177 1624 1315 1701 patruos

177 1741 361 1822 triumphos
385 1741 483 1806 dneat
505 1745 538 1805 et
561 1746 681 1807 novos“
707 1760 780 1806 cum
802 1741 918 1806 Dionis
940 1740 1016 1805 libri
1038 1740 1104 1804 LX.
1130 1739 1237 1820 eapite
1260 1741 1313 1817 21,

178 1878 241 1943 quo
265 1878 350 1924 anno
370 1865 411 1926 43
434 1844 517 1925 hane
540 1859 779 1942 expeditionem
802 1857 923 1925 iactam
946 1865 1116 1938 memorat,
1142 1856 1315 1939 „bitoricae

178 1979 211 2042 δὲ
232 1984 289 2059 νῆα
309 1977 451 2061 ἀγγελίαν
472 1978 662 2043 ὁΗλαύδιοο
683 1980 724 2061 τῷ
744 1977 938 2059 συνάρχοντι,
961 1978 1001 2042 τά
1022 2000 1056 2040 τε
1071 1975 1153 2039 ἄλλο
1168 1976 1220 2038 καὶ
1240 1979 1317 2038 rozio

177 2119 210 2160 τε
248 2101 434 2181 οτρααιώταα
470 2096 650 2181 ἐνεχείρισεν
686 2096 782 2162 αὐτὸν
818 2097 852 2160 δὲ
889 2097 1151 2181 ἕξειτρατεύαατο,
1209 2095 1315 2159 Multo
1361 2170 1364 2177 Ι

178 2222 254 2282 ante
287 2217 370 2282 hano
402 2217 643 2298 expeditionem
672 2221 824 2298 paratam
858 2235 931 2282 esse
965 2216 1169 2296 intellegitur
1196 2213 1314 2278 Dionis

178 2335 302 2401 verbis:
327 2335 428 2418 εἴρητο
452 2333 648 2421 (Κλαύδιον)
675 2333 736 2419 γὰρ
758 2335 840 2418 αὐτῷ
863 2333 922 2419 (τῷ
945 2335 1111 2420 mavolo)
1132 2334 1162 2397 εἴ
1180 2355 1211 2396 τι
1231 2335 1315 2416 βιαι-

178 2455 285 2538 ότερον
311 2456 445 2535 γίγνοιτο
477 2463 570 2518 τοῦτο
603 2460 726 2536 ιιοιῆοαι
752 2452 1025 2538 (μεταπέμπεσθαι
1051 2453 1105 2516 τὸν
1132 2452 1313 2537 Κλαύδιον)

178 2574 230 2635 καὶ
251 2575 473 2657 ααραοκενὴγε
495 2573 544 2638 ἐπὶ
565 2573 603 2658 τῇ
624 2580 765 2657 ατρααοῖςι
787 2573 888 2656 πολλή
910 2582 969 2635 τῶν
992 2595 1026 2636 τε
1048 2571 1150 2634 ἄλλων
1174 2571 1225 2634 καὶ
1247 2569 1313 2635 ἐλε-

178 2691 303 2775 φάντων
325 2694 566 2776 αρααυνεὶλεκτο.
