2992 4926
721 325 763 399 58

181 570 220 617 ac
241 552 344 618 multa
365 543 457 635 passi
480 553 601 633 vident,
626 554 793 636 majorque
814 570 893 633 pars
916 551 1054 616 miratur
1075 569 1114 615 ex
1136 550 1317 616 intervallo

170 669 330 736 ·tallentia
363 676 396 736 et
429 672 523 754 volgo
558 674 644 738 bona
674 690 734 752 pro
768 670 895 752 magnis
931 674 1016 735 sunt.
1061 670 1192 734 Hosne
1216 669 1317 735 nobis

181 807 308 871 quoque
331 791 470 870 eveniat,
494 809 754 873 quaeramus,
778 789 878 872 quid
901 790 957 854 sit
978 788 1153 853 bonum.“

265 908 356 974 Alios
380 909 478 973 aliter
502 909 543 974 ad
566 909 650 974 hanc
673 908 897 992 quaestionem
920 907 1156 989 respondentes
1179 924 1314 971 errasse

180 1025 405 1091 demonstrare
429 1026 553 1092 Seneca
575 1033 721 1107 conatur,
744 1027 895 1106 illorum,
928 1027 984 1109 qui
1007 1026 1054 1091 sic
1077 1024 1316 1105 explicaverint

181 1145 349 1210 notionem
373 1145 415 1228 (ξ.
432 1148 480 1230 9);
505 1146 645 1226 „bonum
666 1152 727 1225 est,
751 1147 837 1236 quod
860 1145 902 1210 ad
925 1163 960 1209 se
982 1146 1129 1225 inpetum
1145 1144 1246 1208 animi
1261 1162 1316 1209 se·

180 1263 319 1328 cundum
342 1269 492 1329 naturam
515 1269 623 1329 movet
655 1270 688 1330 et
720 1265 769 1329 ita
803 1265 932 1330 demum
954 1263 1130 1345 petendum
1153 1268 1214 1341 est,
1239 1282 1315 1328 cum

180 1383 288 1462 coepit
310 1401 383 1448 esse
406 1384 641 1464 expetendum‘
666 1384 864 1449 sententiam
885 1382 1033 1447 laudans.
1079 1381 1183 1459 Quam
1207 1382 1316 1447 sicet

180 1499 359 1582 amplificat
383 1506 416 1566 et
438 1500 532 1567 fulcit
553 1502 661 1568 verbis
685 1503 773 1584 „iam
798 1507 831 1567 et
852 1501 1025 1566 honesturn
1047 1505 1111 1564 est:
1140 1500 1201 1564 hoc
1223 1500 1314 1565 enirn

179 1622 230 1684 est
251 1618 395 1700 perfecte
410 1620 619 1701 petendum.“
643 1621 762 1685 deinde
783 1619 1007 1703 persequitur:
1031 1617 1143 1697 „locus
1165 1619 1237 1700 ipse
1259 1637 1315 1684 me

181 1737 344 1817 admonet,
367 1743 414 1818 ut,
437 1738 514 1821 quid
529 1739 661 1804 intersit
676 1739 763 1804 inter
777 1740 897 1804 bonurn
912 1739 1160 1820 honestumque,
1185 1737 1312 1817 dicam3

179 1854 304 1937 aliquid
325 1857 416 1922 inter.
435 1875 470 1922 se
493 1857 628 1922 mixtum
644 1857 767 1922 habent
790 1863 823 1922 et
845 1857 1081 1939 inseparabile:
1120 1873 1181 1921 nec
1199 1861 1316 1937 potest

180 1972 300 2038 bonum
323 1992 397 2040 esse
419 1975 482 2040 nisi
503 1975 555 2040 cui
578 1975 702 2058 aliquid
724 1976 854 2041 honesti
877 1977 973 2056 inest,
997 1981 1030 2041 et
1052 1975 1224 2040 honestum
1247 1975 1315 2040 uti·

179 2110 242 2174 quc
264 2092 387 2159 bonum
409 2098 487 2161 est.“
757 2174 760 2179 Ι

264 2211 335 2276 Hoc
356 2212 457 2294 igitur
478 2213 549 2277 loco
573 2213 741 2277 notionum
761 2194 848 2278 'boni
867 2214 1061 2296 honestique
1084 2210 1313 2278 definitionem

179 2329 365 2410 accipimus.
399 2331 461 2396 Hic
483 2350 586 2396 novus
610 2333 704 2414 quasi
726 2331 788 2398 tuit
804 2350 936 2414 campus
959 2332 1196 2414 ingenivirium
1219 2348 1313 2396 exer-

180 2448 371 2529 cendarum,
402 2468 507 2533 neque
529 2451 672 2516 Lucilius
700 2452 734 2516 in
762 2471 895 2517 arenam
919 2451 1115 2517 descendere
1139 2453 1312 2516 cunctatus

180 2571 240 2646 est,
263 2567 318 2649 qui
342 2570 524 2650 „quomodo
548 2570 590 2635 ad
612 2588 672 2636 nos
695 2570 771 2637 boni
794 2571 988 2653 honestique
1012 2571 1132 2635 notitia
1153 2588 1313 2650 pervene-

178 2684 243 2749 rit“
267 2687 428 2768 quaesivit
451 2687 516 2769 (ep.
543 2693 611 2768 120,
639 2688 669 2771 1)
682 2691 725 2773 Π)

263 2804 314 2868 Ad
348 2806 443 2870 amici
479 2808 705 2890 quaestionem
739 2806 863 2872 Seneca
896 2808 991 2889 epist.
1026 2812 1086 2872 120
1119 2808 1311 2888 respondet,

178 2941 419 3006 nonnumquam
442 2944 514 2990 sese
536 2925 681 2992 referens
704 2926 745 2991 ad
764 2925 859 3006 epist.
886 2931 945 2991 118
969 2925 1022 3007 (cf.
1049 2930 1119 3006 120,
1143 2932 1161 2993 3
1186 2931 1219 2991 et
1237 2932 1310 3006 118,

182 3042 233 3124 10)
256 3059 316 3121 per
338 3042 566 3124 „analogiam“
590 3046 696 3128 inquit
719 3045 845 3125 „nostri
868 3044 1071 3110 intellectum
1086 3050 1120 3110 et
1135 3046 1310 3111 honestum

179 3163 213 3224 et
234 3159 354 3225 bonum
373 3160 561 3242 judicant;“
586 3163 627 3248 (ἓ.
652 3163 686 3246 4)
709 3181 787 3228 voce
810 3163 962 3244 analogia
985 3163 1026 3227 ad
1048 3163 1113 3228 alia
1135 3165 1311 3230 tractanda

177 3278 351 3344 inducitur.

262 3398 342 3464 Post
374 3400 503 3482 longius
539 3420 635 3483 quam
670 3401 802 3466 solitum
831 3406 959 3483 tempus
984 3401 1117 3466 litterae
1139 3401 1243 3467 Lucili
1267 3403 1310 3468 ad

179 3515 335 3581 Senecam
356 3519 476 3584 missae
499 3519 674 3600 videntur,
709 3520 826 3602 quibus
857 3520 976 3584 iterum
1009 3520 1196 3585 notionibus
1230 3521 1310 3586 honi

178 3635 373 3719 honestique
395 3638 429 3703 in
445 3640 670 3721 quaestionem
693 3639 817 3704 vocatis
831 3639 974 3704 Senecae
997 3639 1154 3704 memoria
1177 3641 1309 3722 „segnis

178 3772 215 3819 ac
237 3754 347 3820 lenta“
372 3763 508 3823 evocata
529 3763 580 3823 est
602 3758 711 3842 (epist.
736 3763 787 3838 74,
813 3757 854 3840 1).
881 3781 884 3787 ·

178 3927 534 3938 ——-.-...-

202 4041 245 4109 17)
263 4040 337 4096 Inter
364 4043 495 4112 epistulas
513 4044 564 4098 118
582 4047 610 4098 et
628 4045 679 4098 120
704 4043 814 4098 inmissa
840 4048 883 4100 est
909 4044 987 4114 epist
1007 4044 1057 4098 119
1081 4044 1117 4099 (10
1144 4045 1310 4101 continentia
1384 4120 1388 4131 Ι

261 4158 357 4213 agens,
375 4159 446 4214 quae
464 4150 512 4200 aut
528 4147 581 4202 hoc
598 4146 692 4201 ordine
709 4161 764 4202 non
782 4146 883 4215 scripta
900 4152 948 4201 aut
965 4151 996 4201 ut
1013 4147 1092 4216 epist
1103 4147 1153 4201 110
1171 4148 1309 4204 aScncca

263 4244 306 4312 ,in
324 4249 508 4303 antecessum
529 4249 595 4304 data
613 4252 663 4304 est

281 4528 440 4632 A
