2992 4926
506 841 562 924 dd
587 843 767 926 llovatum
793 843 839 924 de
865 841 927 924 lra

455 990 517 1049 aaa
540 999 605 1051 aa.
648 994 793 1064 (Dialogus
819 993 959 1063 ιιι-ν.)

239 1279 277 1346 In
292 1281 345 1347 his
361 1301 490 1366 quoque
508 1282 602 1350 libris
625 1289 740 1350 auctor
761 1284 875 1351 multis
886 1282 997 1350 verbis
1018 1283 1116 1365 facta,
1138 1285 1182 1350 ad
1204 1303 1288 1368 quae

152 1418 227 1467 eum
250 1419 285 1466 se
306 1402 475 1468 rettulisse
497 1407 632 1485 putares
654 1403 703 1469 ita
723 1402 792 1469 fere
815 1420 946 1485 semper
966 1403 1061 1485 quasi
1082 1402 1220 1483 velavit,
1252 1408 1288 1468 ut

154 1518 301 1585 divinare
335 1521 440 1603 magis
475 1521 553 1604 quid
587 1539 700 1587 verum
728 1522 772 1588 sit
800 1521 976 1588 debeamus
1005 1541 1103 1604 quam
1129 1523 1288 1588 traditum

155 1639 363 1721 accipiamus,
411 1638 548 1722 Singula
569 1659 647 1724 ergo
671 1641 884 1707 examinanda
906 1645 1012 1738 erunt.

238 1757 318 1824 Tres
341 1758 382 1823 de
404 1758 456 1824 ira
477 1758 563 1840 libri,
588 1760 642 1842 qui
665 1765 755 1826 arcte
778 1761 865 1826 inter
887 1778 923 1825 se
934 1759 1121 1838 cohaerent,
1145 1757 1288 1823 dedicati

155 1881 230 1942 sunt
243 1876 286 1941 M.
297 1877 432 1942 Annaeo
443 1876 570 1943 Novato
585 1877 729 1944 Senecae
751 1879 892 1944 maximo
921 1883 1002 1944 natu
1024 1876 1130 1958 fratri,
1154 1877 1209 1958 qui
1229 1895 1288 1958 po·

154 1995 294 2062 ateriore
323 2002 470 2078 ternpore
500 2015 520 2062 a
550 1997 648 2063 Iunio
672 1993 822 2063 Gallione
850 1998 1027 2080 adoptatus
1049 1995 1210 2063 Gallionis
1232 2013 1289 2061 no-

154 2132 229 2202 men
252 2115 388 2196 accepit.
435 2114 513 2194 Quo·
528 2120 675 2197 tempore
699 2117 875 2198 adoptatus
899 2117 943 2182 sit
964 2116 1118 2182 nescitur.

240 2231 284 2296 M.
307 2233 461 2299 Annaeus
486 2233 609 2300 Seneca
631 2235 744 2300 rhetor
766 2235 850 2301 huno
873 2234 975 2300 filium
990 2234 1288 2316 semperchatum

155 2350 327 2418 adlocutus
356 2357 416 2422 est.
458 2352 503 2417 M.
533 2352 657 2420 Seneca
686 2354 817 2435 saepius
846 2372 957 2420 senem
982 2372 1017 2420 se
1045 2353 1213 2433 nominat,
1249 2351 1287 2418 cl.

155 2470 266 2537 Gontr.
290 2471 316 2536 Ι.
339 2489 501 2553 prooem:
549 2471 634 2551 „Sed
657 2490 729 2537 cum
751 2473 855 2538 multa
873 2474 943 2555 jam
964 2472 1045 2537 mihi
1068 2490 1106 2536 ex
1129 2490 1180 2536 me
1204 2472 1289 2537 desi·

156 2591 302 2656 deranda
324 2596 475 2657 senectus
498 2589 623 2673 lecerit,
657 2590 822 2657 oculorum
845 2591 947 2656 aciem
969 2590 1140 2670 retuderit,
1163 2591 1288 2655 aurium

156 2727 288 2775 sensum
301 2708 515 2791 hebetaverit,
545 2729 719 2777 nervorum
743 2709 933 2777 firmitatem
947 2708 1154 2793 fatigaveris
1174 2726 1201 2773 e.
1215 2727 1246 2791 q.
1261 2727 1286 2774 s.

154 2827 300 2895 Novatus
332 2828 405 2894 vivo
433 2833 529 2910 patre
552 2829 700 2895 civilibus
730 2827 845 2894 officiis
875 2827 1143 2911 operamdedit,
1175 2824 1214 2892 cf.
1243 2826 1287 2892 M.

156 2946 229 3014 Sen.
273 2945 377 3030 praef.
415 2946 437 3012 l.
471 2946 513 3011 ΙΙ.
548 2946 604 3012 ubi
642 2946 762 3012 Malam
793 2947 927 3013 tertium
965 2945 1068 3013 filium
1108 2946 1288 3030 adloquens

157 3065 237 3132 haec
260 3065 373 3133 habet:
403 3065 555 3145 „Fratres
584 3066 633 3131 tui
660 3065 730 3132 foro
754 3069 788 3132 el
809 3066 987 3132 honoribus
1008 3071 1158 3148 parents
1206 3065 1289 3145 Quia

154 3203 283 3268 semper
316 3203 337 3250 a
373 3189 469 3266 patre
497 3184 645 3251 Novatus
682 3185 870 3252 nominatur
908 3185 1091 3269 colligimus
1122 3204 1195 3251 eum
1222 3202 1288 3250 non

155 3303 399 3370 adulescentem
421 3303 480 3370 sed
498 3304 651 3386 juvenem
674 3323 694 3368 a
716 3303 866 3370 Gallione
889 3305 1082 3386 adoptatum
1105 3322 1188 3373 esse.

239 3422 418 3505 Pergamus
442 3421 485 3488 ad
506 3423 596 3504 ipsos
621 3422 763 3488 Senecae
793 3424 832 3489 de
855 3425 906 3489 ira
928 3424 1040 3490 libros.
1085 3422 1217 3488 Nullum
1239 3422 1287 3489 la·

155 3546 242 3607 ctum
271 3543 304 3607 in
330 3542 382 3608 his
411 3545 627 3607 memoratum
654 3541 851 3621 invenimus,
884 3541 970 3624 quod
996 3547 1074 3624 post
1102 3539 1287 3625 Caligulam

154 3661 361 3727 commissum
395 3666 456 3726 est.
500 3660 572 3725 Hoc
600 3659 789 3726 Lehmanno
823 3676 973 3742 oppono,
1007 3661 1058 3728 cui
1089 3658 1143 3745 (cf.
1167 3661 1285 3728 Philol.

153 3778 241 3844 VIII.
266 3783 327 3845 316
351 3779 437 3863 sqq.)
468 3778 569 3845 verba
597 3780 684 3846 Dial.
708 3779 746 3846 V.
771 3784 800 3846 3.
825 3783 844 3845 6
878 3779 921 3844 ad
953 3779 1206 3847 christianorum
1240 3782 1288 3847 in·

154 3897 370 3964 sectationem
392 3897 508 3964 referri
529 3917 628 3981 posse
655 3900 816 3967 videntur.
847 3899 1084 3965 Describuntur
1110 3899 1172 3965 hac
1192 3918 1289 3982 para-

154 4017 280 4100 grapho
313 4021 498 4098 tormenta,
535 4019 653 4101 quibus
686 4023 840 4101 potentes
869 4018 932 4085 viri
961 4018 1012 4084 ira
1044 4018 1170 4084 seducti
1205 4019 1287 4085 alios

153 4136 352 4203 vexaverint.
384 4135 507 4203 Seneca
529 4137 755 4204 demonstrare
776 4136 847 4203 vult
868 4136 1057 4203 Aristotelis
1080 4137 1287 4218 sententiam,

157 4256 285 4335 „calcar
316 4256 399 4322 iram
433 4273 506 4321 esse
536 4256 686 4322 virtutia“
722 4254 839 4322 falsam
875 4274 948 4322 esse
980 4255 1080 4339 (Dial.
1101 4254 1140 4322 V.
1175 4261 1205 4323 3.
1244 4259 1285 4342 1.)
