2992 4926
750 364 788 440 12

200 591 291 658 lieris
314 593 444 674 ingenio
474 597 508 657 et
530 572 639 655 iarum
674 593 862 658 conditioni.
907 594 1089 676 Agrippina
1116 595 1239 675 optimo
1260 595 1333 677 jure
1420 627 1425 636 ·

200 729 358 794 quaerere
380 717 512 793 poterat
536 711 663 784 „vivere
687 729 746 792 ego
762 711 951 778 Britannico
974 731 1083 778 rerum
1105 714 1252 796 potiente
1275 734 1333 797 po-

199 833 345 895 teram‘l“
379 831 467 913 (Tac.
491 829 580 894 XIII.
605 832 659 914 21)
683 829 920 914 „Conloquium
943 830 990 896 fili
1015 833 1206 914 expoposcit
1228 838 1262 897 et
1283 834 1332 898 ul-

199 950 321 1014 tIonem
357 952 391 1014 in
425 950 591 1014 delatores
627 954 661 1014 et
692 951 839 1030 praemia
873 951 985 1016 amicis
1021 950 1191 1016 obtinuit!
1244 951 1333 1016 Haec

201 1075 276 1134 acta
299 1075 375 1134 sunt
395 1088 479 1134 anno
504 1072 555 1132 ot.

284 1182 490 1254 Tres⁰ann0s
505 1187 612 1271 post4)
634 1206 736 1253 novus
760 1188 793 1252 in
804 1187 1005 1269 Agrippinae
1021 1188 1169 1253 inimicos
1190 1189 1333 1272 Impetus

199 1305 305 1372 factus
329 1301 389 1386 est,
413 1307 481 1371 sive
505 1323 607 1389 gnara
630 1307 699 1372 sive
721 1307 887 1372 nesciente
909 1307 1099 1388 Agrippina.

284 1401 319 1490 P.
344 1426 429 1490 enim
453 1425 588 1492 SuillIus
612 1424 666 1508 (cf.
690 1425 765 1490 Tac.
789 1425 878 1489 XIII.
901 1427 968 1510 42,)
1003 1427 1059 1508 qui
1085 1428 1192 1508 pretio
1216 1447 1333 1495 causas

200 1563 313 1609 orasse
336 1551 508 1611 accusatus
531 1551 603 1610 erat
625 1543 813 1610 defensione
838 1545 959 1609 omissa
982 1550 1150 1626 potentem
1164 1546 1331 1627 Senecam,

198 1664 338 1730 Neronis
362 1666 510 1744 amicum,
534 1665 668 1729 summis
692 1663 972 1728 criminatIonibus
996 1665 1130 1729 adortus
1154 1671 1214 1730 est.
1247 1667 1332 1744 Qua-

198 1803 270 1849 rum
293 1785 359 1849 vim
381 1785 513 1849 Tacitus
547 1783 692 1849 delenire
727 1784 861 1848 studens
898 1783 1097 1857 „terribilem
1128 1789 1161 1848 et
1182 1785 1331 1848 venalem

198 1903 361 1968 hominem
384 1903 485 1969 fuisse
508 1901 660 1982 affirmat,
685 1902 743 1967 sed
767 1920 806 1966 ex
828 1899 909 1980 illis,
934 1919 1016 1981 quae
1039 1901 1119 1966 mihi
1140 1907 1257 1983 postea
1280 1922 1330 1967 re·

198 2021 332 2088 ferenda
353 2028 458 2101 erunt,
493 2040 549 2087 eas
582 2021 720 2086 veritate
752 2038 817 2084 non
849 2020 945 2084 modo
980 2038 1043 2084 non
1067 2038 1196 2100 carere,
1219 2040 1331 2086 verum

201 2142 301 2207 etiam
323 2159 457 2223 prorsus
481 2159 553 2205 cum
576 2156 615 2203 ea
638 2140 800 2220 quadrare
822 2138 1040 2219 intellegetur.
1087 2139 1223 2217 Quaerit
1245 2143 1330 2206 enim

201 2260 336 2326 Suillius
347 2261 387 2324 de
400 2259 552 2338 Seneca,“
567 2277 631 2340 qua
641 2258 814 2340 sapientia,
827 2256 943 2338 quibus
953 2257 1224 2340 philosophorum
1238 2279 1332 2341 prae-

100 2389 102 2395 ·
200 2380 304 2461 ceptis
336 2379 425 2442 intra
448 2378 697 2460 quadriennium
729 2376 841 2457 regiae
871 2375 1035 2441 amicitiae
1058 2382 1110 2441 ter
1131 2378 1259 2443 miliens
1284 2398 1333 2444 se·

198 2497 351 2563 stertium
373 2497 598 2579 parauissetl“
624 2493 663 2559 cf.
688 2493 780 2560 Cass.
802 2494 875 2558 Dio.
898 2494 981 2574 LXI,
1008 2500 1048 2560 10
1070 2495 1199 2582 καὶγὰρ
1221 2519 1333 2580 τυραν-

220 2749 268 2818 .4)
286 2749 329 2804 De
348 2749 470 2804 Senecae
497 2748 640 2804 consulatu
664 2748 698 2804 lis
720 2764 766 2802 vv.
789 2747 834 2802 dd.
861 2747 981 2803 nondum
1004 2748 1109 2816 liquere
1130 2747 1195 2802 mihi
1216 2748 1333 2804 videtur.

285 2851 439 2907 Henzenius
461 2850 571 2920 quidem
596 2851 633 2917 (in
650 2849 767 2906 Hermae
785 2851 840 2905 vol.
858 2851 893 2905 ll.
915 2866 943 2920 p.
960 2850 995 2907 37
1013 2854 1082 2920 sqq.)
1106 2851 1142 2906 de
1163 2851 1260 2907 tabula
1280 2849 1332 2904 lra-

285 2958 355 3008 num
374 2954 517 3008 Arvalium
535 2969 622 3022 nuper
639 2953 749 3007 inventa
767 2953 916 3020 disserens,
935 2968 996 3008 cum
1013 2953 1060 3007 illa
1077 2953 1185 3021 tabula,
1209 2967 1280 3007 anno
1298 2953 1333 3007 58

285 3072 312 3124 p.
331 3055 360 3110 0.
379 3056 504 3111 consules
522 3071 632 3110 munere
650 3055 757 3110 functos
775 3069 850 3123 esse,
874 3071 943 3123 quos
961 3056 1080 3110 nondum
1098 3055 1268 3110 novissemus
1288 3055 1332 3122 (cf.

285 3158 302 3212 l.
320 3158 338 3211 1.
355 3175 382 3227 p.
399 3159 452 3227 44.)
476 3164 504 3213 et
521 3174 538 3212 a
556 3157 708 3226 Borghesio
730 3157 942 3212 demonstratum
961 3161 1035 3211 esset
1052 3156 1184 3212 Senecam
1202 3157 1280 3210 annis
1298 3157 1332 3210 59

285 3262 353 3315 -62
372 3260 508 3316 consulem
521 3275 576 3315 non
591 3260 681 3327 fuisse,
700 3260 801 3313 nullum
820 3262 880 3330 ejus
890 3260 1046 3314 consulatus
1057 3274 1156 3313 annum
1165 3263 1270 3313 restare
1282 3260 1333 3312 nisi

285 3363 319 3419 57
338 3363 483 3418 contendit
507 3362 544 3416 Et
552 3361 719 3430 Borghesius
738 3361 932 3416 etHenaenius
949 3361 1062 3415 laudant
1079 3360 1229 3429 caput531.
1242 3359 1332 3414 Xllll.

285 3465 387 3533 Taciti,
417 3479 472 3534 quo
497 3469 611 3533 uterque
630 3481 729 3518 annum
747 3480 827 3533 quem
844 3464 905 3532 ipse
922 3463 1057 3532 probarit,
1087 3467 1190 3517 rectum
1209 3478 1269 3517 esse
1288 3464 1333 3518 de·

285 3568 429 3622 monstrari
451 3572 537 3636 putat
574 3567 629 3622 Sed
652 3582 701 3622 cur
722 3572 865 3635 tantopere
889 3566 1030 3634 urgendae
1053 3565 1107 3619 sint
1128 3565 1209 3635 hujus
1236 3565 1334 3634 capide

285 3685 371 3725 voces
395 3671 502 3741 „medio
528 3671 676 3738 temporis“
704 3670 804 3724 nescio.
840 3669 910 3724 Num
938 3667 1007 3722 forte
1034 3672 1062 3722 et
1089 3671 1211 3736 „tantum
1234 3668 1333 3735 opum“

286 3773 382 3827 eodem
400 3787 472 3827 anno
489 3772 517 3826 in
535 3773 666 3826 Senecam
685 3771 848 3825 cumulatum
866 3784 940 3836 esse,
963 3785 1017 3837 quo
1041 3773 1161 3839 „tantum
1183 3769 1333 3824 honorum“

285 3875 435 3945 putandum
458 3876 518 3930 est?
554 3875 649 3942 Neque
672 3889 720 3928 cur
733 3889 836 3935 annum
854 3872 1010 3927 consulatus
1032 3871 1216 3925 ratiocinaturi
1233 3871 1260 3925 hi
1287 3889 1333 3926 vv.

287 3977 332 4033 dd
350 3977 429 4032 unius
447 3976 524 4030 vocis
547 3976 704 4046 ,octavus“,
732 3974 867 4044 neglectis
884 3973 975 4028 verbis
993 3974 1217 4028 antecedentibus
1239 3989 1334 4043 „quar-

286 4085 331 4142 tus
353 4079 483 4135 decumus
507 4094 594 4132 annus
617 4078 676 4132 est“
700 4077 832 4132 rationem
854 4075 999 4131 habuerint
1019 4076 1158 4145 intellego.
1199 4075 1334 4144 Equidem

286 4197 370 4238 voces
388 4181 495 4252 ,medio
513 4179 660 4250 temporis“
677 4179 744 4234 nihil
760 4178 834 4233 aliud
852 4178 1014 4248 significare,
1032 4194 1113 4248 quam
1131 4184 1260 4234 nostrum.
1285 4180 1334 4249 „ln

285 4285 335 4340 der
352 4283 563 4340 Zwischenneit“
580 4288 656 4353 puto.
