2992 4926
750 373 789 446 16

206 597 296 662 tione
318 598 510 679 composita,
535 616 600 680 qua
621 598 737 663 matria
759 602 900 663 mortem
923 597 1049 680 justam
1075 598 1145 680 ejus
1168 597 1340 663 criminum

208 735 350 798 poenam
372 715 474 781 fulsse
497 693 723 782 demonstrare
745 716 858 782 voluIt.

295 836 344 900 Ne
367 835 499 900 Tacitus
523 836 653 916 quidem
677 836 757 901 haec
779 846 963 901 memorans
978 854 1091 900 verum
1107 836 1249 900 omnium
1273 835 1341 899 ani·

208 974 295 1020 mum
318 956 419 1034 celat3
458 972 554 1036 „ergo
578 974 643 1019 non
662 956 750 1038 jam‘
776 956 882 1038 inquit
907 955 1011 1034 „Nero
1033 955 1124 1038 cujus
1153 955 1340 1019 immanitas

209 1075 355 1138 omnium
379 1079 513 1156 questus
537 1073 684 1139 anteibat
713 1074 770 1139 sed
800 1073 924 1138 Seneca
946 1074 1083 1140 adverso
1105 1092 1235 1139 rumore
1258 1078 1340 1154 erat,

209 1193 296 1274 quod
319 1194 468 1258 oratione
490 1192 552 1257 tali
573 1191 811 1258 confessionem
833 1192 1059 1274 scripsinset‘l“

294 1313 405 1390 Nero,
439 1317 476 1376 ut
508 1311 740 1376 conscientiam
763 1311 984 1376 stimulantem
1008 1313 1247 1393 comprimeret,
1270 1329 1342 1376 cum

209 1430 364 1495 facultate
388 1431 533 1495 oratorIa
554 1436 705 1511 careret,
739 1431 828 1516 (Tac.
851 1430 940 1495 XIII.
966 1430 998 1513 3)
1033 1432 1066 1495 in
1100 1431 1166 1496 alia
1199 1431 1343 1495 animum

212 1550 362 1615 detorsit.
387 1548 425 1614 cf.
449 1549 523 1613 Tac.
540 1549 624 1613 XIV.
652 1555 708 1616 14:
734 1550 855 1628 „Vetus
877 1548 927 1614 illi
949 1550 1065 1631 cupido
1089 1556 1161 1615 erat
1183 1548 1342 1614 curriculo

213 1669 446 1751 quadrigarum
479 1667 632 1733 insistere
665 1686 724 1732 nec
758 1667 863 1733 minus
892 1667 1023 1733 foedum
1053 1669 1196 1734 studium
1218 1668 1344 1733 cithara

210 1788 371 1853 ludicrum
389 1787 427 1851 in
449 1786 581 1851 modum
605 1805 719 1852 canere
744 1837 751 1850 .
776 1836 783 1851 .
809 1837 816 1851 .
840 1805 900 1852 nec
919 1789 988 1871 jam
1011 1788 1085 1853 sisti
1106 1791 1248 1868 poterat,
1272 1804 1344 1850 cum

213 1906 356 1972 Senecae
378 1924 415 1971 ac
437 1906 542 1971 Burro
565 1906 680 1986 visum,
703 1904 756 1990 (cf.
774 1925 800 1970 c.
820 1911 858 1970 15
885 1925 1052 1984 „maerens
1068 1907 1192 1971 Burrus
1215 1923 1253 1970 ac
1275 1905 1345 1969 lau-

213 2026 308 2110 dans)
332 2029 534 2107 neutraque
556 2026 762 2106 pervinceret
784 2025 923 2089 alterum
947 2025 1153 2090 concedere“.
1181 2061 1217 2070 —

295 2144 347 2208 Ad
371 2162 467 2225 quem
489 2144 596 2239 locum
618 2144 700 2208 nihil
722 2141 791 2209 fere
813 2144 935 2224 habco,
960 2145 1047 2226 quod
1070 2143 1198 2208 addam.
1243 2143 1346 2209 Nero·

211 2282 285 2327 nem
307 2263 359 2328 his
380 2262 523 2343 negotiis
545 2261 743 2344 ineptiisque
767 2263 1052 2344 occupatissimum
1076 2281 1140 2327 non
1162 2261 1258 2327 modo
1281 2280 1346 2326 non

213 2381 428 2447 cohibuerunt
450 2381 642 2446 educatores
665 2383 900 2447 verumetiam
923 2383 1136 2465 adjuverunt,
1165 2399 1295 2462 semper
1317 2380 1347 2445 ei

212 2518 336 2565 morem
360 2505 522 2582 gerentes,
544 2504 581 2565 ut
602 2500 684 2582 ipsis
702 2506 797 2567 esset
818 2502 990 2584 imperium
1012 2499 1053 2566 ci.
1067 2499 1158 2566 Cass.
1171 2501 1245 2566 Dio.
1261 2499 1344 2564 LXI.
1418 2533 1424 2548 ·

212 2623 257 2684 20
281 2619 381 2703 [Nero
405 2619 614 2684 altharoedus
635 2638 831 2702 progressus
854 2619 917 2704 est]
947 2619 999 2683 καὶ
1026 2620 1107 2701 αὐτῷ
1130 2619 1182 2682 not
1203 2619 1219 2681 ὁ
1242 2619 1346 2700 Βοῦρ-

213 2759 268 2820 ροε
294 2738 346 2801 xat
374 2738 391 2800 ὁ
419 2733 552 2802 &vireo
581 2737 726 2822 καθάπερ
754 2739 835 2802 srvio
862 2738 1038 2803 διδάσκαλοι
1063 2735 1296 2822 ὑποβάλλοντὲε
1318 2759 1347 2798 τι

213 2857 473 2941 παρειστήκεσαν.
504 2858 556 2921 καὶ
583 2856 672 2921 αὐτοὶ
698 2857 755 2922 τάν
781 2880 815 2921 τε
845 2865 952 2940 galnae
974 2855 1085 2920 καὶτὰ
1108 2855 1225 2940 ἱμάτια,
1254 2855 1348 2917 ὁπότε

213 2974 383 3055 φθέγξαιτό
406 2997 444 3054 τι,
467 2973 601 3040 ἀνέσειεν
624 2976 675 3039 καὶ
696 2978 769 3040 coac
790 2975 907 3040 ἄλλονε
926 2984 1183 3061 προεενιενπῶντο.

304 3093 374 3158 Hos
398 3098 508 3158 autem
530 3095 619 3161 viros
640 3095 790 3176 potentia
811 3113 871 3160 sua
894 3094 1042 3160 modeste
1072 3113 1149 3160 usos
1171 3091 1272 3159 luisse
1294 3112 1349 3158 ne·
1372 3145 1376 3158 .

216 3213 288 3294 gari
310 3230 377 3277 non
399 3217 521 3294 potest,
545 3231 651 3295 neque
672 3215 734 3279 hoo
756 3213 883 3279 mirum.
929 3214 1019 3293 Quae
1043 3213 1128 3278 enim
1152 3214 1294 3295 agebant
1315 3217 1349 3277 et

214 3331 337 3396 Neroni
359 3338 392 3398 et
413 3332 568 3397 Romanis
590 3333 721 3413 placere
744 3332 943 3414 debuerunt3
967 3333 1100 3412 Neroni,
1124 3332 1200 3414 quia
1222 3333 1348 3398 iracun-

216 3451 277 3516 dus
299 3451 563 3534 suspiciosusque
597 3452 790 3518 adulescens
823 3450 976 3516 facillime
1008 3470 1073 3517 non
1108 3451 1170 3516 sibi
1194 3450 1251 3553 seri
1273 3447 1348 3512 aliis

216 3588 331 3635 revera
353 3588 425 3636 esse
448 3571 621 3652 imperium
636 3571 827 3653 intellegere
842 3571 960 3652 potuit,
983 3569 1148 3650 Romanis,
1173 3569 1250 3651 qula
1272 3567 1351 3633 ami·

218 3688 264 3754 cis
289 3689 377 3754 omni
404 3691 500 3756 modo
530 3691 709 3756 cavendum
737 3695 830 3771 erat,
864 3709 905 3756 ne
932 3690 973 3754 ab
1003 3689 1078 3755 aliis
1099 3687 1186 3752 Nero
1215 3686 1352 3769 instiga-

217 3810 318 3873 retur.

304 3924 526 3992 Gravissimas
548 3926 651 4009 igitur
672 3945 807 4009 poenas,
832 3944 913 4011 quas
925 3925 1011 3991 Nero
1032 3931 1169 4007 propter
1190 3921 1351 4007 prodigia,

217 4049 296 4127 post
317 4045 433 4110 matris
455 4063 568 4111 necem
591 4046 786 4127 observata,
819 4047 853 4111 in
885 4044 1000 4111 noxios
1027 4044 1080 4109 vel
1108 4045 1142 4108 in
1167 4051 1239 4124 eos,
1270 4059 1352 4124 quos

220 4164 336 4230 noxios
358 4163 513 4246 putabat,
541 4170 688 4231 statuere
717 4165 840 4245 voluit,
873 4164 977 4230 lenire
1011 4163 1206 4230 studuerunt
1238 4160 1354 4227 eodem
1432 4179 1435 4184 ·

220 4284 332 4364 modo,
364 4300 426 4366 quo
449 4283 588 4350 Neronis
619 4284 736 4365 imperi
759 4283 854 4349 initio
879 4283 1053 4364 „caedibus
1075 4280 1221 4354 obriam“
1246 4280 1355 4345 Ierant
