2992 4926
725 359 764 434 19

181 587 336 672 prohibet
356 589 471 653 coetus
494 584 721 667 salutantium,
743 586 828 652 vitat
848 587 1046 669 comitantis,
1068 604 1163 653 rarus
1177 604 1239 670 per
1257 605 1312 652 ur·

179 708 254 774 bem
285 705 381 789 quasi
404 702 592 770 valetudine
628 702 757 770 infensa
790 710 848 771 aut
875 705 1058 789 sapientiae
1080 707 1199 773 studiis
1223 706 1311 773 domi

106 808 108 813 ⁸
178 826 400 892 adtineretur“
437 822 525 906 (Tac.
548 822 633 888 XIV.
658 826 743 910 bt),
767 825 837 905 [sed
860 826 1058 891 auctoritate
1089 825 1177 891 haud
1208 844 1312 909 parva

179 946 279 1012 etiam
301 943 512 1032 denotasset,
536 943 623 1024 quod
645 931 848 1026 intellegitur
870 962 909 1008 ex
930 944 1005 1010 Tac.
1029 945 1113 1012 XIV.
1138 947 1218 1011 65εἸ
1231 947 1313 1026 „Ro-

179 1083 295 1130 manus
319 1062 455 1129 secretis
478 1062 759 1129 criminationibus
787 1064 995 1130 incusaverat
1017 1063 1174 1130 Senecam
1201 1072 1239 1132 ut
1259 1067 1313 1133 Pi·

181 1184 271 1250 sonis
294 1181 445 1265 socium⁸)
469 1180 527 1246 sed
547 1181 687 1248 validius
710 1183 869 1250 aSeueca
890 1184 1006 1250 eodem
1028 1184 1161 1250 crimine
1187 1187 1314 1267 percul·

181 1321 237 1368 sus
261 1306 341 1367 est.“
387 1300 480 1366 Illius
502 1301 685 1381 potentiam
715 1302 804 1368 nullo
827 1302 924 1368 modo
947 1320 1084 1385 prorsus
1106 1303 1313 1370 debilitatam

183 1421 407 1500 censebimus,
443 1419 498 1502 qui
520 1419 660 1486 validius
689 1440 786 1503 quam
813 1426 986 1488 accusatus
1012 1426 1064 1487 est
1090 1429 1315 1489 accusatorem

180 1541 360 1623 percellere
380 1543 502 1623 potest.

267 1658 376 1724 Medio
400 1678 484 1724 anno
507 1662 549 1726 64
571 1657 660 1734 (Tac.
673 1658 740 1724 XV.
755 1660 820 1744 38.)
846 1660 1012 1741 „sequitur
1034 1658 1142 1725 clades
1165 1659 1250 1726 forte
1273 1679 1315 1726 an

186 1779 258 1845 dolo
291 1778 448 1861 principis
482 1778 720 1846 incertum...
745 1777 803 1844 sed
826 1777 991 1858 omnibus,
1025 1795 1109 1861 quae
1138 1779 1213 1844 huic
1240 1778 1314 1844 urbi

184 1916 243 1979 per
262 1897 453 1963 violentiam
475 1896 599 1979 ignium
623 1896 811 1961 acciderant
834 1897 965 1978 gravior
987 1901 1086 1980 atque
1109 1899 1280 1964 atrocior.“

267 2016 360 2082 Nova
389 2016 487 2096 urbs,
521 2019 632 2081 vetere
662 2015 812 2080 incendio
839 2015 964 2096 deleta,
1002 2015 1205 2082 aedificanda
1233 2022 1315 2098 erat,

180 2133 353 2200 defuerunt
374 2135 542 2218 pecuniae,
571 2135 614 2199 ad
637 2153 718 2216 quas
741 2133 952 2201 conferendas
978 2140 1187 2217 „pervastata
1208 2136 1316 2217 Italia,

180 2255 373 2337 provinciae
401 2271 534 2320 eversae
562 2254 706 2336 sociique
732 2254 848 2336 populi
870 2255 1008 2321 Romani
1037 2260 1071 2320 et
1099 2274 1182 2338 quae
1205 2255 1318 2321 civita-

184 2379 254 2438 tum
279 2373 404 2439 liberae
419 2377 593 2450 vocantur3
616 2372 713 2455 inque
729 2373 886 2454 praedam
902 2375 1002 2439 etiam
1019 2374 1220 2455 dicessere,
1244 2391 1319 2456 spo·

184 2492 274 2557 liatis
297 2492 331 2556 in
353 2491 434 2557 urbe
456 2491 589 2574 templis
696 2489 863 2557 ferebatur
886 2491 1051 2572 Senecam,
1076 2512 1139 2575 quo
1162 2492 1318 2557 invidiam

183 2610 348 2693 sacrilegii
372 2629 391 2676 a
414 2615 518 2676 semet
540 2614 725 2691 averteret,
748 2610 918 2693 longinqui
938 2611 1024 2677 ruris
1053 2629 1217 2677 secessum
1246 2629 1319 2676 ora-

184 2731 302 2796 visset
327 2731 368 2813 (c.
391 2723 469 2816 lb).
515 2728 581 2796 Sed
611 2730 684 2813 quis
708 2735 779 2811 est,
803 2731 859 2812 qui
888 2731 971 2796 hane
1004 2748 1150 2796 secessus
1185 2748 1318 2796 causam

185 2866 314 2930 veram,
348 2849 405 2931 qui
427 2867 500 2914 eum
522 2852 591 2913 tam
613 2847 804 2930 religiosum
826 2854 929 2930 putet,
954 2850 1009 2931 qui
1032 2851 1102 2915 sine
1126 2848 1317 2915 coelestium

187 2953 275 3033 metu
307 2969 351 3034 ad
383 2966 530 3033 facinora
564 2969 757 3034 taeterrima
786 2965 958 3034 efficienda
977 2969 1224 3051 paratissimum
1247 2986 1320 3034 sese

184 3087 405 3169 praebuerat?

270 3206 312 3270 Ni
334 3223 533 3288 magnopere
556 3203 654 3271 fallor
676 3224 775 3272 eausa
797 3205 893 3289 longe
916 3206 983 3271 alia
1004 3211 1070 3286 est3
1093 3205 1218 3271 Seneca
1241 3223 1320 3287 opes

185 3343 262 3390 suas
293 3325 357 3392 sibi
391 3302 523 3391 seruare
555 3331 589 3391 et
621 3325 705 3390 hane
735 3325 776 3391 ob
801 3342 934 3390 causam
955 3324 1188 3406 imperatorem
1211 3324 1321 3388 omnia

186 3443 380 3510 conferendo
413 3445 569 3526 pecunias
602 3449 788 3509 vastantem
821 3441 963 3525 effugere
995 3443 1109 3508 voluit.
1155 3441 1219 3508 Sed
1249 3460 1321 3506 cum

186 3562 251 3628 iter
285 3564 316 3628 ei
338 3582 404 3629 non
427 3581 637 3643 concessum,
672 3580 745 3627 cum
767 3561 909 3628 fortasse
931 3579 1090 3627 venenum
1114 3561 1144 3626 oi
1166 3565 1320 3641 paratum

187 3687 277 3748 esset
300 3681 388 3764 (Tac.
411 3681 479 3748 XV.
489 3686 543 3748 45.
555 3701 581 3748 s,
590 3680 627 3767 f.)
652 3699 690 3747 eo
713 3685 861 3762 tempore
878 3680 1034 3747 Senecam
1055 3679 1136 3745 illud
1157 3680 1322 3746 dimisisse
1435 3771 1441 3781 Ι

229 4021 259 4089 8)
278 4018 470 4090 Nipperdeyus
494 4033 545 4087 pro
572 4035 642 4076 voce
671 4020 776 4076 socium
806 4020 922 4075 amicum
948 4018 1004 4087 legi
1027 4016 1139 4087 maluit3
1179 4017 1315 4072 nescimus

271 4128 360 4178 utrum
378 4123 443 4177 Piso
471 4121 523 4178 hoc
544 4122 603 4193 jam
628 4137 699 4177 anno
726 4127 820 4177 contra
844 4122 979 4178 Neronem
1006 4122 1219 4192 conjuraretur
1245 4120 1324 4189 cujus

275 4225 394 4281 cuminis
410 4225 549 4295 particeps
566 4226 659 4282 Pisoni
670 4227 776 4281 Seneca
793 4224 882 4280 factus
900 4224 948 4293 ait,
976 4221 1151 4293 quamobrem
1169 4236 1240 4289 quae
1258 4236 1325 4277 vera

276 4327 312 4383 sit
328 4328 410 4385 lectio
428 4327 531 4385 dubito.

1070 4430 1114 4497 2*
