2992 4926
719 358 752 431 11

81 628 87 639 .
171 600 365 664 quamquam
376 582 586 649 Britannicus
598 590 742 661 necatur,
767 583 902 649 consilia
924 568 989 647 no‘n
1003 587 1109 647 mutat
1121 601 1193 648 cum
1205 582 1302 646 Octa·

171 703 223 767 via
246 701 408 766 amicitias
427 703 569 785 jungens
592 706 626 767 et
647 703 695 767 ita
718 720 829 784 agens,
856 703 970 784 ,quasi
993 705 1166 784 quaereret
1188 701 1302 765 ducem

171 825 205 885 et
225 824 368 902 partes.“

254 939 425 1003 Neminem
448 938 534 1003 serio
558 939 691 1004 credere
712 944 792 1020 puto
816 945 885 1004 tam
909 940 974 1004 cito
997 939 1211 1020 Agrippinam
1234 956 1303 1001 mu-

168 1058 282 1123 lierem
305 1058 605 1122 constantissimam
628 1058 763 1122 consilia
786 1064 942 1137 mutasse,
965 1063 1002 1123 ut
1022 1076 1083 1138 pro
1103 1055 1302 1121 Messalinae

168 1177 281 1241 liberis
308 1174 374 1240 filio
408 1176 503 1241 unico
532 1176 771 1241 adversaretur.
818 1177 982 1259 Quidquid
1004 1177 1071 1259 egit
1097 1175 1301 1255 intenditque

169 1294 251 1358 nihil
280 1293 407 1359 efficere
430 1295 544 1360 debuit
575 1295 640 1359 nisi
673 1301 710 1359 ut
739 1297 808 1359 veri
837 1297 1053 1377 imperatores
1077 1293 1200 1359 Seneca
1221 1292 1303 1356 Bur-

170 1431 291 1495 rusque
316 1415 578 1494 opprimerentur
608 1414 759 1495 Neroque
794 1433 833 1479 ex
864 1415 995 1480 illorum
1018 1413 1214 1478 auctoritate
1238 1411 1302 1475 exi-

170 1538 324 1611 meretur,
348 1551 444 1614 quam
467 1537 503 1596 ut
525 1530 690 1597 firmarent
706 1538 895 1598 constanter
909 1532 1188 1598 hiduoviriviam
1211 1549 1302 1595 suam

170 1652 273 1717 secuti
300 1656 389 1731 sunt,
424 1669 520 1732 quom
550 1652 633 1715 alios
662 1671 790 1734 quoque
820 1653 1027 1734 perspexisse
1056 1669 1074 1715 e
1097 1650 1201 1714 Taciti
1230 1648 1301 1713 loco

168 1772 250 1854 (XV.
267 1772 320 1855 65)
345 1775 496 1851 apparet:
523 1768 630 1843 ,fama
651 1769 712 1835 fuit
728 1770 880 1836 Subrium
889 1771 1024 1835 Flavum
1047 1788 1118 1834 oum
1142 1768 1303 1833 centurio-

169 1891 263 1955 nibus
292 1890 418 1954 ocoulto
448 1888 582 1953 consilio
610 1907 715 1970 neque
748 1895 859 1954 tamen
885 1891 1057 1971 ignorante
1081 1887 1218 1966 Seneca,
1247 1887 1303 1952 de·

168 2009 353 2088 stinavisse,
376 2013 412 2072 ut
433 2013 510 2088 post
533 2008 674 2072 occisum
698 2027 798 2089 opera
809 2009 938 2074 Pisonis
950 2008 1112 2072 Neronem
1132 2007 1208 2071 Piso
1225 2024 1303 2088 quo·

169 2144 231 2208 que
261 2125 497 2191 interficeretur
531 2127 782 2209 tradereturque
820 2128 993 2209 imperium
1031 2125 1173 2190 Senecae
1209 2125 1303 2208 quasi

169 2246 353 2310 insontibus
388 2246 581 2310 claritudine
604 2245 762 2310 virtutum
797 2246 840 2311 ad
863 2264 1023 2330 summum
1050 2244 1221 2327 fastigium
1247 2244 1302 2308 de·

169 2364 283 2429 lecto.“

99 2472 101 2476 ’
254 2482 436 2563 Agrippina
458 2500 592 2563 operam
613 2482 773 2562 perdidit,
801 2487 951 2563 potestas
975 2485 1153 2548 amicorum
1175 2482 1303 2547 indies

171 2601 366 2683 augebatur3
400 2600 438 2665 of.
470 2600 561 2666 Cass
590 2601 663 2666 Dio.
693 2601 776 2669 LXI.
800 2607 834 2666 3:
865 2600 1124 2684 κατεργασάμενοι
1151 2601 1185 2664 δὲ
1211 2609 1303 2663 τοῦτο

171 2839 311 2921 νήθηοαυ
347 2835 454 2920 ἄριστα
490 2838 542 2900 καὶ
577 2838 756 2901 δικαιότατα
790 2835 863 2903 ὥσθ’
892 2839 953 2903 ὑπὸ
986 2838 1109 2900 πάντων
1132 2836 1304 2919 ἀνθρώπων

172 2928 284 3039 duotore
305 2956 516 3037 ἐπαινεθῆναι.

228 3066 232 3075 ’
256 3076 457 3156 Agrippinae
480 3076 530 3140 ira
545 3075 736 3141 Britannico
752 3081 867 3141 necato
890 3076 986 3141 leniri
1009 3094 1075 3140 non
1096 3076 1222 3155 potuit3
1246 3075 1304 3139 tri·

173 3193 332 3258 bunorum
356 3201 388 3258 et
412 3196 636 3260 centurionum
661 3197 788 3260 animos
811 3195 961 3260 tentavit.
1007 3194 1225 3272 Quamobrem
1240 3195 1303 3258 Ne-

171 3331 284 3378 ronem
312 3312 463 3377 excubias
499 3314 658 3378 militares
693 3314 826 3396 degredi
862 3313 1001 3395 jussisse
1035 3314 1183 3396 legimus.
1214 3313 1302 3394 (Tac.

171 3431 260 3495 XIII.
288 3430 350 3513 18.)
393 3431 491 3496 Junia
514 3431 640 3511 Silana,
673 3432 892 3497 infensissimo
926 3433 960 3496 in
991 3450 1062 3495 eam
1085 3432 1204 3510 animo,
1228 3432 1304 3513 quia

171 3549 353 3631 Agrippina
377 3549 521 3614 Sextium
534 3549 722 3614 Africanum
746 3571 765 3614 a
787 3551 910 3630 nuptiis
934 3550 1064 3614 Silanae
1089 3550 1303 3630 deterruerat,

173 3675 381 3733 accusatores
413 3673 519 3748 parat.
563 3668 657 3732 Paris
689 3669 790 3750 igitur
822 3669 938 3733 histrio
968 3667 1095 3733 deferre
1123 3669 1304 3750 impellitur

173 3787 387 3868 Agrippinam
407 3787 546 3852 Neronis
569 3787 657 3852 vitae
681 3787 840 3852 insidiari.

260 3905 320 3969 Cui
341 3910 467 3970 terrore
488 3907 638 3986 perculso
654 3905 777 3971 Burrus
799 3907 915 3972 matris
931 3926 1043 3972 necem
1064 3908 1225 3989 promisit,
1249 3928 1304 3973 au-

173 4031 228 4089 tea
253 4024 366 4088 audita
380 4007 572 4105 Agrippina.
619 4025 708 4102 Quae
722 4025 863 4090 Senecae
876 4025 1045 4109 Burroque
1069 4028 1111 4092 ad
1134 4046 1205 4092 eam
1228 4028 1304 4092 mis-

174 4145 218 4208 sis
243 4143 381 4222 superbe
404 4144 588 4224 respondit,
613 4145 698 4226 quod
721 4162 923 4223 responsum,
947 4165 1144 4226 quamquam
1156 4146 1304 4210 Tacitum

174 4262 383 4330 exornavisse
405 4262 603 4343 putabimus,
628 4262 834 4344 aptissimum
856 4267 967 4326 tamen
988 4267 1039 4328 est
1062 4269 1095 4328 et
1116 4265 1213 4345 hujus
1235 4283 1304 4328 mu·
