2992 4926
724 401 767 474 36

179 626 229 697 (ut
249 628 457 693 Lehmannus
481 627 600 706 voluit,
630 626 668 691 ci.
698 628 813 708 philol.
836 627 924 692 VIII.
947 647 978 708 p.
1004 626 1145 712 eistad
1169 627 1315 692 Senecae

181 748 283 811 vitam
305 746 521 826 referrentur,
551 764 656 827 neque
680 746 841 828 quomodo
865 765 970 828 neque
994 747 1034 810 de
1058 766 1121 828 qua
1143 765 1178 810 re
1203 765 1238 809 se
1260 765 1316 810 ex-

180 885 293 931 cusare
319 866 482 931 studuerit
502 864 730 946 philiosophus
754 883 792 928 ex
815 865 923 929 verbis
952 865 1089 930 alterius
1111 866 1315 947 paragraphi

180 985 335 1067 colligere
357 1003 502 1066 possum.

264 1104 338 1170 Mea
372 1123 499 1186 quoque
536 1122 561 1167 s.
586 1102 710 1167 Seneca
744 1102 1002 1170 criminationem
1027 1103 1089 1166 sibi
1112 1102 1237 1166 illatam
1262 1121 1314 1166 re-

177 1224 301 1304 pellere
324 1223 410 1301 volt,
435 1222 520 1303 quod
545 1239 604 1302 ego
629 1239 756 1302 quoque
779 1226 815 1284 ut
837 1221 1045 1285 Lehmannus
1069 1240 1151 1285 anno
1176 1226 1215 1285 58
1238 1240 1313 1285 eum

180 1347 332 1406 conatum
356 1358 428 1405 esse
452 1346 542 1422 puto,
567 1340 623 1404 sed
646 1358 781 1420 prorsus
805 1339 878 1403 alhs
903 1341 1009 1404 causis
1033 1345 1140 1404 motus
1164 1359 1245 1402 sum.

266 1461 446 1525 Notissima
469 1477 522 1523 res
547 1464 607 1537 est,
632 1458 787 1524 Senecam
813 1477 897 1521 anno
922 1463 961 1522 58
985 1459 1061 1521 aP.
1080 1459 1194 1522 Suillio
1219 1476 1313 1522 accu-

178 1585 284 1644 satum
318 1596 399 1642 esse.
446 1577 577 1641 Tacitus
612 1576 704 1641 addit
736 1576 935 1641 enumeratis
970 1576 1063 1640 Suilli
1096 1578 1128 1640 in
1154 1577 1312 1641 Senecam

178 1698 476 1764 criminationibus:
513 1715 591 1769 „nec
613 1696 769 1774 deerant,
805 1696 859 1777 qui
891 1695 972 1758 haec
995 1696 1098 1759 isdem
1122 1696 1230 1760 verbis
1254 1702 1313 1759 aut

179 1837 274 1882 versa
308 1817 340 1880 in
375 1816 520 1879 deterius
555 1814 697 1880 Senecae
732 1813 925 1878 deferrent.“
973 1812 1074 1894 (XIII.
1108 1814 1175 1897 43.)
1220 1816 1314 1879 Nunc

180 1954 300 2017 quaeso
325 1933 363 2000 cf.
388 1933 589 2015 quambene
613 1952 684 1997 cum
707 1933 757 1996 his
782 1933 1054 2011 accusationibus
1079 1932 1195 2014 quihus
1218 1935 1313 2014 tangi

181 2072 247 2117 non
269 2071 367 2134 posse
391 2052 574 2132 sapientem
597 2052 720 2115 Seneca
741 2053 965 2116 demonstrare
982 2053 1059 2130 vult,
1083 2052 1182 2116 verba
1204 2052 1314 2116 ultimi

180 2171 276 2251 hujus
301 2171 423 2251 dialogi
448 2170 564 2250 capitis
587 2175 782 2250 congruunt:
828 2171 917 2247 „Non
941 2176 992 2234 est
1014 2171 1046 2233 in
1068 2171 1171 2233 rixam
1195 2171 1316 2234 collue-

178 2289 401 2368 tationemque
433 2287 639 2365 veniendum3
681 2288 795 2368 procul
829 2287 997 2353 auferendi
1029 2290 1131 2369 pedes
1167 2295 1242 2352 sunt
1279 2294 1314 2354 et

180 2406 333 2488 quicquid
367 2406 482 2469 horum
516 2406 556 2469 ab
580 2406 842 2487 imprudentibus
863 2405 920 2472 fiet
943 2405 1026 2488 (fieri
1050 2414 1159 2471 autem
1182 2408 1245 2471 nisi
1270 2409 1313 2474 ab

179 2523 443 2604 imprudentibus
476 2544 540 2588 non
573 2526 698 2608 potest)
731 2525 967 2606 neglegendum
1002 2531 1035 2590 et
1066 2526 1205 2590 honores
1229 2527 1314 2608 inju-

178 2643 411 2725 riaequevolgi
426 2644 459 2707 in
481 2645 666 2724 promiscuo
690 2643 859 2708 habendae
882 2662 942 2707 nee
964 2643 1015 2707 his
1039 2644 1228 2723 dolendum,
1253 2664 1313 2710 nec

180 2761 246 2826 illis
281 2762 487 2843 gaudendum
509 2762 653 2844 alioquin
687 2762 790 2825 multa
823 2762 940 2825 timore
964 2762 1231 2827 contumeliarum
1255 2770 1315 2828 aut

178 2880 288 2945 taedio
326 2881 512 2945 necessaria
546 2861 733 2946 omittemus
766 2881 971 2962 publicisque
1005 2888 1038 2945 et
1070 2881 1208 2961 privatis
1243 2880 1313 2945 offi-

181 2998 239 3062 ciis
346 2999 374 3081 S.
400 3005 435 3063 3:
459 3018 522 3081 quo
546 3000 682 3081 quisque
705 3000 874 3064 honestior
898 3018 1016 3081 genere
1045 2998 1132 3063 fama
1154 3001 1314 3081 patrimo-

179 3117 233 3182 nio
258 3121 318 3195 est,
341 3117 402 3181 hoc
425 3136 461 3182 se
484 3116 601 3182 fortius
625 3123 739 3198 gerat,
772 3137 894 3183 memor
926 3118 959 3181 in
991 3119 1098 3198 prima
1131 3119 1200 3182 acie
1224 3119 1312 3183 altos

180 3237 310 3300 ordines
346 3242 434 3300 stare
465 3236 679 3301 contumelias
702 3241 735 3301 et
755 3236 855 3300 verba
876 3237 1037 3318 probrosa
1060 3244 1094 3302 et
1116 3237 1313 3318 ignomInias

167 3360 214 3451 ¹et
238 3359 347 3419 cetera
363 3354 655 3419 dehonestamenta
667 3354 756 3420 velut
779 3355 954 3419 clamorem
975 3355 1117 3420 hostium
1141 3354 1256 3419 ierat“.
1271 3393 1311 3402 -

180 3473 270 3537 Haec
293 3474 417 3553 optime
439 3473 479 3537 ab
503 3474 560 3537 illo
573 3473 662 3538 dicta
683 3491 755 3538 esse
777 3478 867 3554 puto,
892 3473 947 3554 qui
971 3475 1012 3537 ad
1029 3475 1203 3538 acerrimas
1216 3473 1312 3539 Suilli

181 3592 407 3656 accusationes
440 3611 481 3656 ne
503 3611 566 3656 uno
591 3565 730 3674 quidem
745 3591 844 3656 verbo
867 3591 1092 3672 responderat,
1129 3597 1162 3657 et
1185 3611 1257 3656 cum
1280 3593 1312 3657 oi

179 3709 241 3774 hoe
263 3709 305 3774 ab
330 3710 443 3775 amicis
467 3711 593 3775 crimini
622 3711 734 3774 datum
764 3715 852 3775 esset
875 3729 909 3775 se
933 3708 1106 3774 defendere
1129 3712 1232 3775 voluit
1256 3710 1312 3775 de-

180 3828 391 3892 monstrando
422 3828 604 3908 sapientem
631 3847 689 3893 nec
717 3829 870 3910 injuriam
893 3847 952 3893 nec
975 3828 1203 3893 contumeliam
1227 3830 1310 3893 acci-

178 3964 267 4028 pere.
314 3945 478 4027 Scriptum
500 3946 601 4028 igitur
617 3946 782 4028 dialogum
807 3947 947 4024 alterum
969 3952 1048 4027 puto
1070 3945 1133 4012 fine
1156 3949 1232 4011 anni
1257 3953 1311 4012 58.
