2992 4926
689 342 725 415 ll

143 574 232 656 (Tac.
256 571 347 638 XIII.
362 573 407 657 2.)
431 569 471 637 cf.
497 570 589 640 Cass.
609 569 684 635 Dio.
707 568 791 634 LXI.
817 573 865 648 18,
890 571 945 650 qui
968 588 1040 635 cum
1062 575 1189 635 mantes
1211 569 1273 637 Ne-

144 694 215 758 roni
238 691 352 758 multis
373 690 534 774 prodigiis
544 691 634 769 usis,
658 690 727 772 ejus
750 693 889 754 mortem
912 691 1061 754 nonnisi
1084 691 1196 755 multis
1218 708 1274 753 ne-

145 813 227 877 catis
250 811 368 877 evitari
390 828 489 892 posse
510 810 680 874 vaticinati
709 810 775 874 sint
798 809 954 874 Senecam
977 810 1178 874 adulescenti
1202 828 1273 873 cae·

141 931 193 996 dis
206 929 395 995 avidissimo
407 930 489 994 haec
501 928 570 994 iere
583 929 704 994 dixisse
720 929 839 994 tradit:
861 926 917 1008 ὅτι,
931 925 1022 994 douae
1036 926 1075 991 dv
1088 927 1272 1013 ἀποοφάξῃσ,

141 1049 179 1112 οὐ
195 1049 326 1113 δύνασαι
346 1049 401 1111 τὸν
424 1047 572 1131 διάδοχόν
593 1070 647 1113 cov
670 1045 858 1110 ἀποκτεῖναι.

225 1168 337 1251 Usque
360 1168 401 1233 ad
424 1186 545 1232 anuum
567 1171 607 1233 62
630 1167 712 1232 nihil
735 1166 874 1248 amplius
903 1167 943 1232 de
967 1167 1090 1233 Seneca
1119 1171 1275 1250 comperi-

142 1305 223 1353 mus.
254 1287 334 1353 Inde
350 1291 460 1352 autem
477 1287 590 1352 statim
606 1304 715 1351 rernm
731 1286 949 1352 conditionem
965 1305 1099 1368 prorsus
1116 1295 1274 1353 mutatam

142 1405 468 1489 esseiutellegimus.
492 1405 616 1471 Seneca
627 1405 815 1488 Burrusque
840 1425 958 1488 magua
981 1407 1112 1488 quidem
1136 1409 1276 1472 auctori-

141 1531 211 1591 tate
233 1523 385 1590 fruuntur
408 1525 467 1591 sed
488 1525 628 1607 principi
652 1526 796 1606 suspecti
813 1530 898 1590 suut.
943 1525 1055 1606 Neque
1072 1525 1203 1590 difficile
1227 1531 1276 1590 est

141 1645 333 1725 intellectu,
374 1644 535 1728 quomodo
575 1648 748 1725 tantopere
791 1662 843 1708 res
878 1649 1024 1709 mutatae
1059 1646 1134 1711 sint.
1190 1647 1276 1709 Nero

146 1781 228 1827 anno
252 1763 454 1845 sexagesimo
478 1763 599 1842 altero,
627 1781 729 1827 annos
758 1762 874 1843 viginti
902 1764 1043 1844 quinque
1072 1770 1168 1828 natus
1192 1784 1278 1829 sum-

144 1880 205 1946 mis
226 1879 426 1949 facinoribus
456 1887 489 1947 et
512 1881 690 1947 sceleribus
714 1881 896 1945 commissis
919 1882 1109 1947 libidinibus
1127 1885 1277 1960 satiatus,

142 2018 384 2084 nonnumquam
407 2001 613 2083 aegritudine
637 2006 772 2066 vexatus
796 1997 885 2081 (Tac.
909 1999 993 2065 XIV.
1019 2005 1069 2064 22.
1102 2021 1126 2066 s.
1151 2002 1187 2081 f.;
1212 2010 1279 2111 dl.)
1381 2092 1384 2099 Ι

142 2139 206 2186 non
230 2119 421 2186 adulescens
443 2118 517 2201 fuit,
541 2121 597 2203 qui
620 2119 788 2185 lenissimo
802 2120 895 2200 qnasi
919 2120 1042 2200 impetu
1066 2123 1135 2203 regi
1158 2125 1276 2203 potuit,

144 2241 202 2305 sed
225 2245 383 2323 tyrannus
407 2239 547 2304 crudelis
564 2239 678 2304 eodem
694 2239 790 2303 modo
807 2239 953 2302 homiues
977 2241 1103 2320 metuit,
1128 2260 1190 2323 quo
1214 2260 1280 2306 me-

143 2360 308 2426 tuebatur.
353 2358 518 2424 Modestia
550 2363 745 2439 praeterea,
780 2378 844 2440 qua
865 2358 989 2422 Burrus
1013 2358 1200 2442 Senecaque
1223 2377 1279 2441 po-

85 2490 109 2571 .'
143 2482 266 2544 testate
280 2479 469 2558 utebantur,
485 2477 648 2542 Neronem
663 2477 875 2558 impediebat,
892 2478 1064 2557 quominus
1077 2479 1278 2548 voluntatem

145 2616 238 2663 snam
262 2601 393 2662 secutus
417 2615 543 2662 summa
566 2595 641 2660 imis
665 2593 877 2660 confunderet
899 2600 933 2660 et
959 2601 1148 2661 necatorum
1172 2598 1280 2661 exula-

146 2722 318 2798 tcrumqne
342 2716 459 2798 opibus
483 2715 658 2781 facultates
682 2702 825 2796 augeret.

171 2842 176 2849 ’
232 2835 386 2917 Inprimis
408 2834 534 2899 Burrus
557 2833 720 2898 timendus
745 2838 832 2913 erat,
862 2834 912 2897 cui
941 2833 1062 2899 milites
1091 2833 1147 2898 fidi
1178 2840 1280 2914 eraut,

147 2953 234 3038 quod
268 2972 367 3035 supra
401 2972 472 3018 cum
507 2953 717 3034 imperatoris
754 2957 862 3016 mater
895 2951 1099 3017 occideretur
1132 2919 1281 3018 vidimus.

147 3074 217 3138 Hoc
250 3090 374 3139 veneno
406 3075 521 3138 necato
554 3070 642 3154 (Tac.
672 3070 757 3136 XIV.
783 3074 833 3134 51.
866 3071 993 3149 „subito
1023 3073 1184 3138 concessit
1215 3074 1284 3136 uita

139 3175 272 3257 ¹Burrus
295 3191 455 3256 incertum
476 3190 664 3256 valetudiue
687 3208 729 3254 an
750 3195 904 3255 veneno.“
941 3191 1003 3255 Dio
1020 3191 1119 3256 LXII.
1139 3197 1187 3255 13.
1211 3199 1284 3251 roat-

109 3320 112 3327 ·
149 3333 204 3374 του
216 3311 382 3397 (Burrum)
404 3311 461 3393 μὲν
483 3302 539 3372 οὖν
554 3309 705 3393 φαρμάκῳ
721 3309 868 3388 διώλεσεν,
892 3310 948 3375 scl.
959 3310 1059 3395 Nero)
1082 3309 1283 3390 imperioque

148 3431 433 3513 praetorianorum
455 3429 625 3494 interduo
649 3428 772 3508 diviso,
810 3429 865 3510 qui
897 3429 983 3493 iuter
1010 3447 1046 3497 se
1069 3429 1283 3492 inimicissimi

151 3554 254 3629 erant,
279 3549 367 3635 (Tac.
385 3548 453 3614 XV.
469 3550 534 3633 50.)
559 3547 701 3612 Senecae
723 3548 873 3628 potentia
895 3547 999 3611 tracta
1022 3552 1083 3627 est,
1108 3548 1161 3629 qui
1185 3548 1285 3612 variis

151 3668 434 3734 criminationibus
457 3672 638 3747 accusatur,
662 3684 779 3748 magno
805 3671 892 3731 certe
915 3666 1054 3731 Neronis
1078 3668 1206 3748 gaudio,
1231 3668 1285 3748 qui

152 3791 187 3852 et
209 3805 230 3852 a
250 3787 409 3869 magistro
432 3786 666 3854 molestissimo
688 3786 823 3852 liberari
835 3792 869 3850 et
884 3785 1001 3866 opibus
1018 3785 1172 3850 ditissimi
1189 3785 1286 3850 Seue-

152 3922 210 3979 cae
232 3903 298 3971 frui
320 3906 429 3972 vellet.
461 3907 594 3973 Tacitus
616 3907 735 3986 varias
760 3905 877 3987 quibus
901 3904 1057 3969 Senecam
1081 3892 1287 3969 adorti'suut

153 4029 361 4090 accusatores
394 4024 637 4091 criminationes
671 4029 825 4104 enarrat,
861 4042 941 4104 quas
975 4042 1069 4088 veras
1099 4042 1170 4088 esse
1194 4042 1287 4087 neruo

153 4141 300 4225 negabit.

242 4260 365 4327 Seneca
393 4261 479 4326 euim
508 4266 542 4325 et
571 4261 755 4326 ditissimus
777 4265 848 4325 erat
871 4260 1095 4343 (quamobrem
1118 4260 1212 4324 facile
1233 4281 1289 4324 uo-

1063 4383 1081 4442 2
