2992 4926
178 576 264 644 ferro
287 577 475 646 exsoluisse.
520 575 644 641 Seneca
671 576 727 641 diu
754 576 895 642 animam
918 583 1036 660 agente
1057 583 1186 644 mortuo
1208 579 1309 644 Nero-

177 698 228 764 nis
247 696 524 780 JussuPauliuam
545 699 710 761 servatam
731 713 814 776 esso,
839 714 901 770 ,ne
920 697 1074 778 glisceret
1095 698 1218 764 invidia
1239 718 1310 764 orn-

180 816 356 883 delitatis.“

262 935 336 1001 Non
357 952 510 1016 possum,
541 934 620 1017 quin
640 933 894 1016 pulcherrimam
916 935 1001 1001 hanc
1033 937 1309 1003 narratiunculam

53 1131 57 1138 ,
177 1058 295 1139 postea
315 1073 336 1120 a
359 1053 502 1120 Senecae
524 1053 638 1118 amicis
661 1054 876 1134 compositam
899 1055 1024 1119 ducam.

266 1173 390 1239 Seneca
423 1173 510 1238 enim
541 1172 575 1237 in
596 1170 677 1238 uilla
696 1191 756 1237 sua
776 1173 864 1254 apud
886 1178 1038 1256 quartum
1060 1174 1204 1256 lapidem
1226 1193 1311 1240 mor-

181 1297 257 1360 tuus
280 1296 341 1372 est,
363 1291 451 1356 Nero
473 1291 597 1355 Romae
616 1291 740 1356 mansit
763 1291 884 1374 (nemo⁰
900 1292 986 1357 enim
1017 1293 1250 1374 imperatorem
1273 1313 1312 1360 ex

179 1411 261 1478 urbe
282 1428 450 1494 egressum
472 1428 545 1476 esse
567 1414 605 1475 ut
625 1411 850 1491 praeceptoris
876 1415 1016 1477 mortem
1038 1412 1109 1493 ipse
1132 1413 1312 1494 inspiceret

179 1529 341 1615 tradidit).
374 1528 481 1595 Credo
503 1529 604 1612 igitur
625 1528 806 1609 Paulinam,
831 1531 921 1614 cujus
943 1548 1046 1597 venae
1068 1532 1124 1616 din
1146 1537 1223 1597 ante
1245 1550 1312 1598 ma·

178 1649 236 1716 riti
258 1653 397 1741 mortem
420 1648 547 1714 solutae
570 1653 681 1728 erant,
715 1666 754 1713 eo
787 1655 935 1730 tempore
956 1651 1039 1715 mori
1063 1651 1225 1732 debuisse,
1248 1670 1311 1733 quo

178 1774 256 1852 post
279 1768 422 1834 Senecae
443 1772 582 1834 mortem
604 1767 754 1832 nuntium
776 1767 918 1834 Senecae
940 1769 1087 1836 mulieris
1109 1788 1237 1853 quoqne
1258 1789 1313 1835 ve-

171 1875 239 1955 nas
263 1889 388 1954 solutas
411 1905 484 1953 esse
506 1886 594 1951 mitti
608 1887 755 1966 Romam,
778 1891 812 1952 et
834 1887 910 1952 inde
931 1905 988 1952 rus
1002 1887 1184 1953 renuntiari
1197 1893 1313 1970 potue-

180 2009 225 2074 rit
247 2008 349 2074 vitam
372 2007 443 2089 ejus
466 2006 660 2089 servandam
683 2023 766 2070 esse.

266 2126 505 2209 Simpliciorem
544 2122 672 2207 fideque
703 2123 885 2206 digniorem
917 2124 1139 2190 narrationem
1173 2126 1313 2208 legimus

182 2246 270 2329 apud
291 2245 432 2311 Dionem
453 2244 552 2309 hanc:
587 2243 743 2310 Senecam
776 2242 920 2308 voluisse
941 2262 1074 2309 uxorem
1098 2262 1207 2310 secum
1230 2247 1314 2310 mori

180 2366 240 2432 sed
260 2364 379 2429 marito
408 2366 507 2428 antea
531 2360 687 2429 'deuicto
709 2361 881 2427 Paulinam
904 2367 1067 2429 servatam
1088 2364 1172 2450 (scil.
1195 2365 1236 2431 ab
1259 2365 1313 2445 iis,

183 2484 239 2568 qui
261 2481 416 2566 aderant)
438 2499 521 2562 esse,
546 2478 585 2547 cf.
608 2481 682 2546 Dio.
704 2480 805 2549 LXII.
828 2484 879 2548 25.

249 2602 393 2689 Seneca
414 2618 601 2682 supremum
629 2600 716 2666 diem
738 2600 821 2666 obiit
843 2617 956 2665 mense
977 2598 1084 2682 Aprili
1113 2602 1190 2668 anni
1218 2606 1259 2668 65
1280 2622 1312 2685 p.

182 2721 218 2788 G.
241 2741 273 2788 n.
298 2719 354 2806 (cl.
377 2719 519 2786 Olinton.
542 2717 619 2787 last.
642 2718 734 2785 Rom.
753 2736 790 2801 p.
812 2720 879 2804 47).

269 2839 394 2906 Seneca
413 2857 479 2908 non
500 2844 569 2905 tam
590 2837 806 2921 philosophus
822 2856 919 2921 quam
942 2838 1040 2904 homo
1060 2837 1202 2922 publicis
1216 2856 1315 2921 nego-

182 2961 239 3026 tiis
271 2958 402 3025 deditus
435 2962 518 3024 erat.
562 2957 669 3023 Unum
697 2975 825 3040 semper
848 2954 944 3040 finem
968 2962 1044 3024 ante
1066 2958 1178 3023 oculos
1200 2957 1316 3023 habuit

184 3077 333 3144 omnibus
355 3076 462 3142 modis
483 3076 654 3160 potentiae
677 3080 710 3143 et
732 3077 914 3142 servandae
936 3081 970 3141 et
992 3077 1171 3158 angendae.
1201 3076 1315 3160 Neque

182 3195 375 3263 taeterrima
395 3195 484 3262 lacta
511 3195 697 3275 abhormit,
726 3196 843 3278 quibos
870 3195 1076 3277 propositum
1097 3185 1316 3260 efficere'stu-

184 3316 264 3382 duit
308 3315 456 3381 Prudens
482 3332 543 3398 per
574 3314 690 3396 longos
716 3333 819 3386 annos
840 3314 1060 3397 periculosum
1081 3314 1188 3381 locum
1210 3314 1317 3379 tenuit

185 3437 369 3520 gubernans
391 3433 482 3500 illum
504 3433 685 3514 hominem,
715 3433 755 3500 de
778 3452 841 3516 quo
864 3433 951 3499 inter
972 3432 1153 3499 familiares
1177 3433 1242 3499 dici
1265 3449 1316 3499 so·

183 3556 290 3622 lebat:
315 3573 398 3634 ,non
427 3552 498 3620 lore
520 3572 618 3620 saevo
643 3553 693 3619 illi
713 3553 811 3634 leoni,
835 3554 913 3636 quin
935 3557 1066 3636 gustato
1090 3552 1191 3618 semel
1213 3552 1317 3617 homi·

185 3693 263 3740 num
294 3692 410 3740 cruore
441 3673 589 3756 ingenita
621 3673 737 3740 redeat
763 3673 933 3738 saevitias
969 3671 1084 3756 (schol.
1117 3672 1160 3737 ad
1181 3671 1256 3738 Juv.
1277 3670 1314 3737 V.

93 3846 96 3852 .
189 3794 275 3879 109.)
298 3791 457 3858 Senecam
472 3793 513 3860 ab
537 3792 723 3859 hominibus
737 3796 863 3858 temere
881 3791 1036 3857 necandis
1051 3790 1249 3856 abstinuisse
1262 3791 1316 3857 ob·

186 3912 274 3978 viam
288 3929 365 3977 vero
380 3910 479 3978 ivisse
495 3916 632 3995 tyranno
645 3915 784 3977 constat.
809 3910 932 3977 Seneca
947 3911 1035 3977 viam
1058 3928 1151 3976 suam
1166 3916 1317 3979 constan-

186 4033 417 4114 teringressus
434 4035 504 4111 est3
528 4030 664 4096 hancob
677 4049 809 4095 causam
821 4029 1161 4113 immensaspecunias
1174 4029 1315 4112 collegit,

187 4151 272 4216 hanc
294 4149 335 4217 ob
358 4168 491 4219 causam
512 4151 609 4216 homo
631 4149 787 4234 politicus
819 4147 884 4215 fide
904 4149 1039 4233 punica,
1072 4148 1189 4231 quibus
1218 4154 1316 4215 antea

188 4271 378 4357 conjunctus
401 4274 473 4335 erat
494 4269 584 4336 velut
606 4267 847 4336 inimicissimos
870 4267 999 4337 insidiis
1021 4268 1231 4351 oppugnavit.
