2992 4926
748 333 790 407 55

206 561 292 626 stola
316 565 353 625 14
376 560 477 641 igitur
499 558 588 623 nullo
611 559 707 624 modo
731 577 815 625 anno
839 565 879 626 64
902 561 1027 642 scripta
1049 578 1122 626 esse
1143 565 1257 642 potest
1279 561 1337 626 sed

207 680 352 744 ordinem
374 697 466 745 suam
490 676 688 761 servavit.¹⁴)

289 798 359 880 Ego
393 798 433 862 de
468 797 534 862 alia
562 797 704 878 epistula
738 795 851 862 dubito
884 815 967 879 quae
999 799 1122 863 nemini
1149 797 1272 879 adhuc,
1304 799 1339 862 ni

203 917 310 997 fallor,
335 913 545 981 difficultates
569 915 671 981 movit
694 916 764 982 scil.
789 916 829 982 de
852 916 1131 998 quinquagesima.

291 1036 493 1118 Quamquam
515 1035 640 1099 nullum
663 1034 795 1116 quidem
816 1034 939 1100 factum
967 1034 1029 1100 hac
1060 1035 1223 1116 epistula,
1252 1034 1339 1116 quod

206 1174 283 1221 curn
300 1154 418 1220 ceteris
441 1173 506 1219 non
529 1154 677 1236 quadret,
702 1153 928 1235 comperimus,
952 1158 1063 1218 tamen
1085 1154 1114 1219 si
1136 1153 1217 1218 haec
1238 1153 1339 1218 verba

207 1274 348 1340 Senecae
371 1273 529 1355 legimus,
554 1272 714 1353 Senecae,
737 1273 793 1355 qui
816 1291 866 1354 ep.
891 1277 911 1338 8
934 1273 1078 1337 dixerat:
1104 1270 1252 1346 ‚Secessi
1274 1291 1356 1337 non

207 1397 334 1458 tantum
368 1392 409 1456 ab
433 1391 618 1457 hominibus
650 1391 708 1456 sed
741 1392 903 1472 arebuS,
931 1395 972 1456 et
1004 1391 1155 1472 inprimis
1188 1410 1208 1456 a
1241 1389 1339 1456 rebus

207 1510 299 1575 meis.
321 1516 529 1591 posterorum
561 1511 728 1593 negotium
752 1527 829 1592 ago,
859 1510 925 1574 illis
953 1509 1083 1592 aliquae
1105 1527 1189 1592 quae
1211 1509 1341 1590 possint

206 1628 363 1711 prodesse
386 1629 557 1695 conscribo
662 1634 787 1694 rectum
822 1627 886 1693 iter
918 1628 1005 1709 quod
1038 1647 1111 1693 sero
1144 1629 1280 1709 cognovi
1307 1631 1342 1693 et

169 1734 173 1742 ’
207 1748 315 1813 lassus
339 1748 478 1812 errando
510 1748 583 1812 aliis
613 1753 759 1813 monstro
767 1750 784 1785 “
808 1764 1005 1830 magnopere
1028 1747 1230 1825 mirabimur,
1253 1747 1340 1828 quod

207 1867 268 1931 bac
283 1866 426 1947 epistula
438 1866 678 1932 adulescentem
691 1885 726 1933 se
739 1885 812 1933 esse
822 1867 944 1949 prodit,
968 1865 1024 1947 qui
1046 1883 1173 1931 summa
1195 1882 1257 1946 ope
1280 1864 1341 1929 niti

209 1984 316 2064 debet,
339 1989 376 2049 ut
398 1986 480 2049 vitia
503 1985 746 2050 adulescentiae
769 1983 899 2066 effugat.
944 1984 1068 2049 Audias
1091 1983 1184 2048 illum
1206 1983 1339 2065 loquen-

209 2110 275 2169 tem
306 2103 334 2186 ξ.
370 2109 405 2169 3;
443 2103 534 2177 „Non
562 2109 613 2170 est
641 2122 748 2169 mcum
781 2103 896 2169 vitium
930 2102 1017 2184 quod
1049 2103 1224 2168 iracundus
1258 2120 1340 2182 sum,

210 2223 296 2304 quod
330 2223 471 2287 nondum
506 2223 660 2288 constitui
694 2227 818 2287 certum
841 2241 941 2304 genus
974 2221 1084 2301 vitae,
1118 2220 1342 2286 adulescentia

210 2342 290 2405 baec
310 2340 410 2420 facit,
445 2346 478 2406 et
501 2341 529 2423 ἓ.
553 2346 588 2406 6:
634 2341 721 2422 „Sed
754 2359 814 2406 nec
835 2341 989 2406 indurata
1011 2340 1150 2421 despero
1173 2339 1257 2405 nihil
1280 2343 1341 2418 est,

211 2460 297 2542 quod
330 2479 393 2524 non
428 2463 592 2541 expugnet
623 2460 775 2543 pertinax
807 2477 908 2539 opera
937 2464 970 2524 et
992 2459 1119 2524 intenta
1142 2477 1179 2524 ac
1202 2457 1342 2539 diligens

174 2619 182 2626 -
212 2598 304 2659 cura3
336 2579 456 2643 robora
489 2579 523 2644 in
544 2584 670 2643 rectum
693 2577 842 2661 quamvis
864 2575 947 2641 flexa
968 2575 1158 2656 revocabis,
1182 2575 1272 2655 illud,
1296 2576 1340 2640 mi

212 2696 326 2777 Lucili,
350 2716 415 2762 non
438 2702 508 2777 est,
538 2699 625 2780 quod
647 2702 680 2762 te
703 2696 863 2778 impediat
885 2696 1058 2778 quominus
1080 2695 1121 2761 de
1142 2694 1238 2760 nobis
1260 2694 1343 2759 benc

211 2835 322 2899 speres
347 2816 433 2898 quod
455 2816 617 2881 malitia
639 2834 710 2881 nos
730 2817 812 2899 jam
834 2818 978 2880 tenet.“
1002 2851 1045 2861 -

294 2935 463 3001 Neminem
485 2935 815 3017 mihioppositurum
838 2952 920 3014 esse,
943 2933 1098 2999 Senecam
1121 2931 1183 2996 hoc
1207 2931 1279 2996 loco
1303 2929 1343 2996 de

211 3052 285 3118 aliis
312 3054 497 3121 bominibus
524 3054 719 3119 sentientem
751 3072 785 3119 se
813 3052 920 3136 ipsum
951 3053 1046 3134 quasi
1068 3050 1252 3132 exemplum
1275 3055 1343 3115 sta-

211 3173 314 3237 tuisse
337 3174 448 3252 credo;
472 3177 561 3238 totus
579 3173 674 3256 hujus
697 3172 838 3254 epistula
853 3190 951 3236 sonus
974 3171 1003 3236 is
1025 3177 1086 3251 est,
1111 3190 1173 3253 quo
1187 3169 1344 3236 Senecam

211 3310 276 3356 non
298 3292 379 3356 vitia
402 3291 465 3356 sibi
487 3290 620 3356 finxisse
643 3292 701 3357 sed
728 3308 765 3355 re
793 3307 871 3355 vera
892 3290 992 3369 vitia,
1021 3290 1138 3373 quibus
1166 3288 1344 3366 laboraret,

213 3416 363 3492 questum
396 3410 497 3474 fuisse
528 3411 601 3492 jure
625 3408 845 3475 arbitrareris.
891 3407 1046 3488 Accedit,
1079 3409 1114 3473 ni
1147 3407 1254 3486 fallor,
1279 3406 1346 3470 alia

213 3547 320 3608 causa,
345 3547 540 3610 quamquam
562 3529 659 3609 longe
680 3528 796 3610 petita.
840 3527 994 3608 Legimus
1023 3529 1056 3592 in
1085 3528 1191 3593 altera
1212 3543 1343 3611 paragr.

212 3649 328 3713 miram
351 3647 629 3713 narratiunculam
663 3647 710 3712 sic
742 3647 965 3730 incipientem:
1003 3648 1212 3731 „Harpasten
1233 3645 1344 3710 uxoris

213 3891 568 3901 -——--—-—-——-

240 4056 281 4124 14)
300 4055 478 4125 Paragrapho
502 4055 585 4124 igitur
610 4055 694 4110 citata
712 4055 818 4111 Seneca
844 4054 910 4108 nihil
937 4052 1001 4107 fecit
1018 4053 1070 4108 nisi
1097 4058 1127 4108 ut
1144 4053 1247 4120 omnia,
1274 4066 1344 4120 quae

298 4160 375 4214 novit
401 4159 537 4213 cruciatus
563 4173 666 4227 genera
690 4162 739 4212 aut
763 4161 795 4211 ut
821 4156 881 4227 ipsa
907 4155 974 4210 dicit
999 4155 1199 4225 „instrumenta
1229 4155 1347 4209 doloris‘¹

301 4265 470 4317 enumeraret
487 4259 522 4316 da
540 4264 615 4316 certo
633 4259 751 4330 quodam
769 4274 835 4314 casu
852 4272 906 4312 non
924 4257 1057 4331 cogitans.

1374 4312 1450 4608 l
