2992 4926
582 1041 779 1142 Dialogum
805 1041 864 1122 VI.

159 1295 214 1378 qui
247 1296 425 1380 inscriptus
459 1301 512 1364 est
547 1297 615 1372 „De
647 1297 880 1365 Consolatione
911 1296 955 1363 ad
975 1296 1173 1379 Marciam“,
1207 1298 1291 1364 Leh-

152 1431 291 1480 mannus
314 1417 475 1498 scriptum
498 1415 599 1483 fuisse
623 1420 793 1486 contendit
808 1436 893 1484 anno
910 1417 1163 1500 quadragesimo
1183 1419 1289 1499 primo

153 1551 184 1615 p.
208 1532 245 1599 O.
268 1553 300 1599 n.
324 1541 402 1601 ante
425 1535 569 1602 Senecae
592 1539 734 1603 exilium.
778 1538 818 1603 Id
840 1537 928 1621 quod
950 1535 1068 1602 falsum
1091 1541 1182 1618 puto.

240 1651 355 1736 Ipsum
378 1655 480 1737 igitur
502 1655 668 1740 dialogum
684 1658 849 1737 adeamus,
874 1674 971 1740 quem
985 1656 1108 1720 Romae
1132 1655 1289 1736 scriptum
1356 1661 1360 1668 '

157 1787 228 1836 cose
259 1772 331 1838 luce
354 1775 474 1840 clarius
502 1779 554 1841 est
576 1775 614 1841 cl.
650 1782 749 1858 caput
773 1781 822 1857 16,
846 1780 880 1840 2:
921 1775 978 1854 ,In
1000 1774 1177 1857 qua'istud
1198 1773 1288 1854 urbe,

156 1887 188 1953 di
210 1887 300 1970 boni,
322 1891 510 1976 loquimur?
533 1895 567 1959 iu
589 1913 654 1978 qua
675 1913 785 1977 regem
808 1895 963 1960 Romanis
987 1892 1151 1974 capitibus
1170 1892 1290 1959 Lucre·

152 2006 201 2073 tia
224 2014 258 2075 et
280 2009 402 2077 Brutus
425 2008 643 2095 dejecerunt.“

237 2128 391 2212 Legimus
412 2131 507 2197 initio
531 2137 656 2214 cap.10
681 2131 854 2215 ,quicquid
875 2136 927 2196 ast
948 2131 1020 2210 hoc,
1043 2128 1177 2209 Marcia,
1200 2129 1289 2212 quod

152 2245 239 2312 circa
261 2266 321 2313 nos
344 2267 384 2314 ex
405 2249 588 2316 adventicio
611 2250 725 2334 fulget,
746 2249 869 2330 liberti,
891 2250 1042 2329 bonores,
1066 2265 1156 2330 opes,
1179 2249 1289 2329 ampla

153 2365 241 2430 atria
269 2371 303 2432 ct
330 2369 535 2434 exclusorum
558 2370 725 2436 clientium
746 2369 869 2435 referta
890 2367 1063 2448 vestibula,
1087 2367 1177 2433 clara
1198 2366 1290 2432 nobi-

112 2484 130 2499 ”
152 2482 195 2548 lis
217 2489 276 2550 aut
298 2483 443 2560 formosa
464 2489 592 2572 conjux,
617 2494 791 2570 ceteraque
813 2507 853 2554 ex
873 2488 1000 2552 incerta
1020 2490 1054 2552 et
1068 2485 1183 2552 mobili
1199 2490 1289 2552 sorte

154 2602 334 2683 pendentia
356 2606 456 2671 alieni
478 2607 741 2690 commodatique
762 2611 943 2690 apparatus
965 2610 1071 2671 sunt.“

240 2721 364 2800 Quibus
400 2725 435 2790 in
468 2727 578 2793 verbis
611 2745 684 2792 cum
706 2724 896 2792 Lehmanno
918 2723 1014 2804 iacio,
1049 2722 1106 2807 qui
1128 2739 1194 2788 nou
1216 2718 1289 2788 sine

153 2848 255 2907 causa
286 2861 327 2908 ea
359 2860 380 2907 a
402 2843 527 2911 Seneca
550 2846 674 2927 scripta
694 2848 801 2927 putat,
823 2844 883 2910 sed
904 2844 962 2924 ita,
984 2848 1023 2908 ut
1045 2841 1116 2924 ejus
1138 2859 1193 2908 res
1216 2840 1290 2906 illu·
1404 2825 1407 2828 ¹

159 2962 313 3026 strarant.
358 2961 519 3046 Loquitur
540 2964 642 3046 igitur
665 2962 798 3047 (ceteris
822 2961 964 3042 omissis,
989 2961 1072 3028 satis
1096 2960 1167 3044 J'am
1189 2976 1290 3042 supra

153 3075 193 3143 de
215 3077 360 3148 Senecae
383 3081 507 3149 divitiis
530 3083 631 3149 locuti
653 3101 784 3163 sumus3
807 3081 920 3148 videas
943 3084 1066 3161 autem,
1087 3098 1185 3163 quam
1207 3077 1290 3144 mira

153 3193 234 3263 baec
257 3216 330 3264 cum
352 3199 451 3267 Suilli
474 3201 683 3268 accusatione
704 3199 890 3285 quadrent.)
914 3199 955 3267 de
976 3217 1077 3265 uxore
1100 3197 1234 3265 Seneca.

237 3315 362 3384 Seneca
376 3338 510 3387 uxorem
525 3322 672 3402 duxerat,
681 3320 711 3404 ⁴)
734 3321 826 3403 cujus
849 3337 968 3385 nomen
982 3317 1182 3400 ignoramus,
1204 3313 1288 3381 hanc

152 3519 510 3537 m*—

193 3656 223 3727 4)
242 3657 329 3727 Epist
341 3658 383 3714 50.
401 3659 426 3714 2.
446 3656 556 3729 ,uxoris
573 3671 652 3711 meaa
671 3655 774 3710 fatuam
792 3652 846 3708 scia
864 3652 1056 3708 bereditarium
1074 3664 1144 3708 onus
1160 3651 1190 3707 iu
1207 3651 1288 3708 domo

236 3775 299 3815 mea
320 3760 500 3816 remansisae“
523 3763 552 3815 et
575 3757 647 3814 Dial.
659 3757 693 3814 V.
711 3757 754 3814 36.
771 3757 797 3811 3.
823 3755 909 3827 ,Cum
936 3755 1073 3812 sublatum
1101 3761 1289 3826 acompectu

236 3861 327 3917 lumen
345 3867 388 3919 est
411 3867 439 3918 et
459 3861 589 3918 conticuit
605 3875 675 3916 uxor
692 3859 774 3915 moria
794 3858 847 3913 mei
861 3859 920 3930 jam
936 3857 1047 3914 conscia
1064 3872 1088 3914 a.
1101 3873 1127 3928 q.
1140 3859 1180 3914 s.“
1198 3874 1214 3914 e
1232 3858 1289 3927 qui-

238 3964 291 4021 bua
309 3965 402 4022 verbis
420 3964 553 4020 concludo
570 3963 656 4019 haec:
682 3967 725 4031 ot,
743 3977 805 4017 oum
823 3960 929 4017 Seneca
945 3961 1018 4016 huuc
1034 3959 1124 4016 locum
1141 3960 1288 4030 sculpserit,

238 4067 341 4123 vixisse
358 4068 475 4137 priorem
493 4081 625 4133 uxorem,
652 4068 697 4133 et,
721 4079 782 4120 oum
802 4065 846 4132 (ut
860 4063 889 4118 in
906 4068 983 4118 textu
1006 4062 1192 4119 demonstrare
1209 4077 1288 4117 cona-

238 4173 372 4236 tuscum)
395 4169 464 4224 haec
481 4183 551 4224 uxor
568 4173 631 4222 anto
649 4166 737 4221 mariti
756 4164 865 4221 exilium
883 4170 991 4220 mortua
1007 4165 1056 4233 sit,
1082 4163 1118 4220 dc
1141 4164 1183 4219 ira
1203 4164 1288 4222 libros

238 4270 372 4330 antehoc
392 4271 500 4327 exilium
519 4271 636 4340 scriptos
654 4283 724 4324 esse.
