2992 4926
721 400 763 469 43

264 622 416 688 Saturam
441 623 531 706 cujus
554 624 670 690 titulus
693 629 753 690 est.

265 743 358 821 „Divi
383 741 498 807 Claudi
532 740 797 808 οἰπολοκύυτωοιοα
824 744 936 808 statim
968 747 1046 824 post
1080 741 1196 806 Claudi
1227 761 1311 805 mor·
1367 722 1376 734 ’

178 867 242 926 tem
278 861 434 926 Senecam
468 863 690 943 composuisse
724 882 827 945 nuper
855 863 1092 928 demonstravit
1119 862 1311 926 Franciscus

178 979 358 1045 Buecheler
381 981 414 1044 in
438 980 567 1063 Symbb.
585 982 711 1063 pbiloll.
735 982 838 1046 Bonn.
855 1000 887 1062 p.
912 987 951 1047 33
977 1000 1047 1063 sqq.

265 1561 398 1625 Grudeli
434 1561 572 1627 Claudio
611 1571 738 1629 mortuo
780 1583 861 1646 puer
895 1565 1074 1644 imperator
1107 1560 1213 1626 factus
1253 1566 1312 1638 est,

179 1698 274 1762 quem
298 1686 334 1745 ut
357 1700 376 1744 a
399 1684 604 1748 crudelitatis
628 1684 707 1747 vitio
731 1686 936 1748 absterreret
958 1682 1116 1764 magister

609 1871 660 1949 lle
687 1871 885 1951 dlementia

179 2053 281 2118 libros
312 2053 374 2117 duo
405 2058 597 2136 composuit.
644 2057 768 2123 Seneca
797 2058 868 2138 ipse
901 2061 1029 2136 tempus
1059 2051 1222 2135 significat
1244 2072 1315 2117 ver-

178 2171 229 2235 bis
254 2189 279 2235 c.
304 2177 322 2236 9
347 2175 375 2255 ἕ.
399 2178 417 2236 2
441 2176 562 2256 prioris
585 2177 676 2240 libri:
712 2176 812 2249 „Cum
845 2175 898 2239 hic
929 2173 1049 2238 aetatis
1085 2179 1181 2253 esset,
1207 2173 1314 2254 (divus

180 2291 360 2373 Augustus)
397 2295 483 2374 quod
517 2299 553 2359 tu
587 2314 671 2359 nunc
705 2314 740 2360 es
764 2294 1059 2360 duodetricesimum
1082 2310 1234 2374 egressus
1257 2310 1314 2355 an-

183 2415 289 2474 num“.
315 2447 358 2456 -
401 2412 488 2476 Nero
512 2418 609 2478 natus
639 2419 789 2479 estante
813 2415 899 2479 diem
922 2412 1218 2477 duodevicesimum
1239 2411 1313 2474 Kal.

179 2528 313 2595 lanuar.
339 2530 415 2592 anni
439 2535 494 2610 383
519 2531 572 2616 (cf.
591 2532 679 2597 Suet.
696 2534 792 2598 Nero.
817 2532 861 2615 6,)
886 2530 1180 2596 duodevicesimam
1196 2548 1315 2592 annum

180 2646 280 2728 igitur
304 2666 457 2730 egressus
481 2657 619 2716 estnon
643 2658 719 2717 ante
743 2653 828 2717 diem
852 2651 1027 2732 septimum
1057 2648 1218 2712 decimum
1240 2648 1313 2711 Kal.

178 2766 253 2830 Jan.
279 2767 356 2830 anni
380 2772 429 2832 56.
475 2769 632 2837 Putamus
655 2772 757 2853 igitur
774 2771 930 2836 Senecam
952 2769 1011 2832 hos
1035 2768 1068 2831 ll.
1092 2766 1313 2848 composuisse

181 2885 257 2949 anni
294 2890 333 2950 56
368 2886 473 2951 initio.
518 2888 711 2955 Rectissime
746 2891 831 2954 enim
853 2889 1060 2954 Lehmannus
1082 2889 1159 2967 post
1181 2885 1312 2949 caedem

180 3002 361 3069 Britannici
384 3006 485 3070 tantis
508 3007 659 3073 laudibus
682 3009 820 3073 Neronis
845 3008 1051 3073 clementiam
1081 3006 1237 3071 Senecam
1260 3022 1313 3068 ex·

179 3122 295 3188 tulisse
317 3125 499 3204 putandum
521 3146 586 3192 nun
610 3147 682 3194 esse
705 3123 852 3194 adnutat.
863 3127 891 3211 ⁷)

183 3313 540 3324 ——-—--—.

224 3428 249 3490 7)
268 3427 440 3483 Britannicus
457 3435 538 3484 natus
562 3433 605 3484 est
630 3429 717 3496 pridie
744 3431 810 3486 ldus
836 3430 916 3485 Febr.
943 3429 1005 3483 unni
1034 3428 1067 3482 41
1094 3427 1138 3493 (cf.
1164 3425 1312 3479 Lehmanni

266 3529 300 3584 de
328 3531 423 3585 Claud.
456 3536 484 3586 et
516 3532 580 3588 Ner.
606 3532 818 3587 additamentum
850 3536 915 3601 post
940 3546 1006 3600 pag.
1035 3530 1095 3596 ma)
1122 3532 1245 3582 mortuus
1271 3532 1314 3581 cst

269 3631 363 3701 „festis
381 3631 500 3688 Saturno
519 3634 617 3690 diebus
635 3635 712 3702 (Tac.
730 3634 807 3689 Xlll.
827 3635 869 3701 15)
890 3633 953 3686 anni
971 3632 1013 3686 55.
1049 3632 1166 3686 Satumo
1184 3631 1254 3684 festa
1272 3645 1314 3684 ee-

268 3733 447 3790 lebrabantur
464 3752 481 3791 u
499 3736 543 3791 die
561 3742 641 3793 sexto
659 3737 764 3793 decime
783 3751 870 3805 usque
888 3735 923 3790 ad
942 3736 1013 3789 diem
1032 3734 1165 3789 decimum
1178 3737 1241 3786 ante
1253 3732 1314 3786 Kal.

266 3835 328 3891 Jan.
357 3836 401 3903 (cf.
424 3838 536 3895 Prelleri
559 3840 673 3911 Mythol.
697 3840 774 3895 Rom.
796 3856 823 3909 p.
836 3839 894 3893 ’413
911 3841 981 3908 sqq.)
1017 3836 1106 3891 Taciti
1129 3837 1213 3904 igitur
1229 3835 1315 3890 verba

267 3953 339 4009 „quo
357 3945 481 4008 quartum
499 3941 632 3997 decimum
652 3944 751 3999 uetans
769 3958 869 3998 annum
886 3940 1058 3995 Britannicus
1077 3939 1216 4008 explerct“
1234 3953 1314 3992 accu-

266 4046 326 4095 rata
344 4057 397 4095 uun
415 4046 484 4096 sunt.
