2992 4926
727 348 763 422 13

179 571 262 639 ιιίὸοσ
284 582 462 658 κατηγορῶν
494 575 814 656 τνραννοδιλάσκαλοσ
845 576 960 657 ἐγίνετο
994 577 1047 639 καί
1077 587 1138 640 τῶν
1160 576 1311 641 συνόντων

178 692 425 757 condonaturum
447 694 646 776 κατατρέχων
678 695 737 759 οὐκ
759 693 907 777 ἀφίστατο
940 704 997 758 τοῦ
1028 696 1191 758 murae.
1238 696 1312 760 Τοῖα

65 832 68 846 ·
178 809 211 871 δὲ
243 811 426 876 πλουτοῦσιν
457 811 594 892 ἐγκαλῶν
627 815 732 879 οὐσίαν
765 815 998 895 ἑπτακισχιλίων
1027 815 1078 875 καί
1104 815 1310 878 πεντακοσίων

178 928 333 1009 μυριάδων
357 930 514 1013 ἐκτήσατο.
560 932 650 1010 Quae
684 953 725 999 ne
760 935 831 1016 quis
854 935 952 998 nimis
973 939 1070 998 aucta
1091 939 1187 1015 putet
1207 933 1311 1014 inspi-

179 1048 246 1113 ciat
266 1049 383 1116 Dionis
407 1052 515 1116 locum
535 1051 634 1116 LXII.
662 1057 697 1132 1,
731 1053 786 1116 nbi
820 1054 860 1118 de
881 1052 1114 1117 Britannorum
1148 1051 1310 1116 seditione

179 1173 293 1234 auctor
315 1169 460 1236 referens
484 1170 570 1236 inter
592 1172 686 1250 alias,
710 1191 730 1236 a
751 1172 865 1237 Tacito
888 1189 1016 1253 qnoque
1039 1176 1206 1250 narratas,
1234 1188 1310 1234 oau-

177 1303 231 1352 sas
253 1287 322 1352 irae
345 1289 525 1356 incolarum
547 1291 631 1356 hanc
650 1290 757 1356 addit:
788 1289 939 1374 τρόφαωσ
960 1289 994 1353 δὲ
1015 1297 1072 1352 τοῦ
1093 1289 1231 1371 πολέμου
1246 1287 1311 1369 ἐγέ-

175 1427 245 1468 νετο
268 1409 288 1489 τί
311 1409 453 1491 δήμευσιν
474 1418 534 1472 τῶν
556 1408 731 1494 χρημάτων,
755 1406 947 1474 ἅίίλαύδιοσ
968 1409 1033 1472 τοίω
1055 1411 1187 1492 πρώτοισ
1208 1400 1309 1472 αὐτῶν

176 1524 338 1590 ἐδέὸωκει.
367 1528 418 1590 καί
445 1524 507 1590 ἔδει
533 1528 584 1590 καί
606 1527 722 1606 ἐκεῖνα,
746 1531 786 1592 olo
806 1548 842 1608 γε
856 1529 1006 1592 Δεκιανοσ
1026 1527 1133 1591 Romo
1234 1526 1310 1589 ἅνα-

176 1645 317 1727 ιιόμτιιμα
331 1647 501 1726 γενέσθω·
523 1645 574 1709 διαί
593 1668 627 1709 τε
649 1639 830 1725 οὖντοῦτο,
863 1647 916 1710 καί
938 1644 986 1710 ὅτι
1007 1647 1024 1708 ὁ
1052 1643 1188 1712 θενὲκασ
1208 1647 1311 1727 χιλίων

177 1766 254 1845 σφίσι
276 1766 430 1849 μυριάδων
452 1763 578 1829 ἄκουσιν
602 1764 651 1827 tut
660 1767 811 1850 χρηιταίο
831 1764 928 1830 ἐλπίσι
942 1766 1040 1828 τόκων
1063 1765 1203 1829 δανείσοι
1217 1760 1309 1828 ἔπειτ’

176 1880 299 1965 ἀθρόαν
320 1905 354 1946 τε
377 1881 440 1966 ἅμα
463 1884 560 1948 αὐτὰρ
582 1885 634 1946 καί
654 1886 764 1966 βιαίων
785 1884 984 1968 είσέιιρασσεν.

261 2003 351 2080 Quae
375 2004 451 2084 quia
474 2005 596 2085 optimo
619 2023 691 2068 cum
715 2003 808 2068 Suilli
831 2003 954 2068 verbis:
992 2003 1142 2076 „Italiam
1170 2008 1203 2067 et
1234 2022 1309 2084 pro

176 2120 299 2186 vIncias
332 2122 491 2188 immenso
525 2123 658 2188 faenore
687 2123 830 2187 hauriri‘
866 2123 1029 2205 quadrant
1057 2141 1076 2186 a
1104 2123 1209 2186 Dione
1232 2120 1309 2187 ficta
1397 2139 1407 2156 ·

175 2257 240 2303 non
262 2240 381 2324 putor)

261 2357 395 2424 Suillius
421 2359 594 2440 „adempta
628 2361 785 2425 bonorum
817 2365 913 2442 parte
940 2360 975 2423 in
1004 2359 1128 2424 insulas
1151 2360 1307 2425 Baleares

173 2477 337 2556 pellitur.“

260 2596 346 2659 Nero
370 2597 511 2676 interim,
535 2597 708 2677 repudiata
731 2601 789 2661 aut
803 2596 953 2678 neglecta
968 2596 1048 2660 Acte
1072 2595 1201 2676 liberta,
1224 2597 1308 2678 Pop-

104 2776 108 2780 .
172 2732 290 2796 paeam
314 2715 468 2780 Sabinam
491 2716 622 2780 amabat
650 2715 738 2797 (Tac.
761 2715 851 2780 XIII.
872 2719 914 2780 45
937 2714 1039 2797 squ),
1067 2733 1151 2796 quae
1181 2720 1214 2779 et
1241 2715 1307 2779 cxi-

172 2833 239 2897 mia
263 2831 367 2898 iorma
395 2838 429 2898 et
457 2834 575 2898 callida
597 2835 760 2899 modestia
787 2838 821 2898 et
843 2833 1104 2899 cavillationibus
1125 2834 1207 2898 adeo
1229 2834 1307 2898 adu·
1381 2923 1385 2930 Ι

173 2952 348 3016 lescentem
365 2952 481 3033 viginti
509 2953 573 3017 duo
597 2971 699 3017 annos
722 2958 834 3016 natum
858 2958 1000 3034 ceperat,
1024 2958 1061 3018 ut
1082 2952 1170 3017 illius
1194 2951 1307 3016 matri-

172 3071 280 3135 monio
304 3071 414 3135 omnia
434 3073 663 3153 postponenda
685 3071 832 3137 haberet.
1047 3069 1049 3075 ’

257 3189 357 3255 Novis
381 3191 482 3272 igitur
499 3191 620 3256 amoris
632 3190 769 3256 vinculis
792 3189 967 3272 impeditus
981 3194 1061 3270 erat,
1084 3208 1125 3255 ne
1147 3208 1200 3255 res
1215 3190 1305 3271 publ.

172 3314 311 3389 curaret,
336 3327 373 3373 eo
398 3308 563 3391 acceptior
586 3308 729 3374 Senecae
751 3309 921 3391 Burroque
943 3327 1047 3374 novus
1069 3308 1122 3372 hio
1145 3325 1237 3372 amor
1258 3308 1304 3373 vi-

172 3444 228 3490 sus
253 3432 304 3492 est
327 3446 390 3508 quo
412 3427 629 3508 periculosior
641 3428 853 3509 Agrippinae,
877 3446 961 3508 quae
983 3429 1084 3509 igitur
1106 3424 1208 3501 filium
1225 3444 1304 3490 suae

174 3544 278 3624 ipsius
302 3563 413 3610 amoro
436 3546 600 3611 devincire
622 3547 736 3611 voluit.
781 3546 870 3629 (Tac.
893 3544 1000 3609 xffll.
1024 3544 1069 3627 2.)

259 3662 402 3737 „Contra
424 3664 600 3730 muliebres
623 3664 806 3729 inlecebras
830 3663 1011 3728 subsidium
1041 3660 1223 3727 alumine«
1248 3679 1304 3741 pe·

212 3987 238 4054 5)
256 3986 347 4040 Etiam
364 3985 521 4041 Morivalins
540 3987 655 4057 (history
671 3985 704 4041 of
717 3986 764 4041 tho
781 3986 901 4041 Romans
924 3983 1011 4039 under
1034 3984 1080 4038 the
1098 3982 1210 4052 empiro)
1233 3997 1303 4036 sum·

256 4106 315 4143 mus
334 4090 455 4144 Senonas
473 4089 620 4144 admirator
638 4090 672 4144 de
690 4089 743 4145 hoo
760 4088 856 4143 Dionis
879 4088 940 4142 looo
959 4086 1082 4156 judicat:
1117 4084 1206 4154 „Dion
1229 4084 1252 4137 is
1274 4083 1302 4136 ill

256 4191 383 4260 natured,
413 4196 462 4262 yet
483 4192 496 4245 I
520 4191 555 4246 do
577 4196 626 4245 not
647 4191 737 4258 think,
767 4190 802 4245 ho
824 4205 874 4244 can
892 4189 964 4243 hova
981 4185 1109 4242 invented
1127 4185 1181 4238 this
1199 4185 1302 4256 story“.

257 4323 286 4333 -
309 4294 366 4366 (VI.
384 4293 454 4366 252.)
