2992 4926
751 338 772 408 b

281 562 341 627 His
379 563 488 629 verbis
527 563 670 643 amplum
707 563 865 643 temporis
909 562 1052 643 spatium
1089 563 1325 643 complectitur,

197 699 268 746 cum
284 681 384 746 verba
407 682 524 763 „modo
548 681 632 746 desii
652 687 769 763 posse“
794 682 828 747 ni
849 680 946 745 fallor
967 682 1063 745 aliter
1086 681 1240 763 explicari
1261 701 1326 745 non

86 874 89 879 ,
195 804 444 882 possuntquam
458 801 723 886 „quiabexpulsus
746 819 816 864 sum
841 820 880 864 ex
901 800 1028 882 patria‘
1055 801 1155 884 (quod
1177 819 1260 864 anno
1283 805 1324 863 41
1418 811 1420 815 ’

196 937 228 999 p.
255 916 289 983 O.
312 937 344 982 n.
367 919 509 1004 accidit).
562 918 643 984 Cum
675 920 763 985 vitae
794 919 937 1000 spatium
965 918 1095 983 circiter
1121 919 1237 1000 viginti
1270 938 1327 983 sex

197 1056 355 1102 annorum
369 1038 477 1103 verbis
493 1038 635 1104 laudatis
652 1039 886 1120 complectatur
901 1039 1097 1102 sententiam
1116 1037 1207 1119 Lipsi
1221 1038 1325 1119 probo

198 1157 386 1222 adnotantis
415 1157 457 1222 ad
482 1175 594 1222 vocem
624 1168 776 1231 „causas‘
806 1157 901 1235 haec3
946 1175 1047 1238 „quas
1082 1157 1137 1222 diu
1170 1159 1326 1221 actitasse

197 1294 271 1340 eum
294 1281 432 1357 apparet
455 1280 488 1341 et
506 1275 578 1358 Oaji
600 1277 700 1340 etiam
721 1277 925 1357 temporibus
947 1294 1066 1356 magna
1087 1275 1207 1357 eloquii
1220 1277 1327 1356 gratia

199 1398 232 1458 et
254 1393 372 1458 fama.“
420 1393 459 1460 cf.
476 1393 569 1459 Cassi
590 1395 707 1459 Dionis
729 1394 830 1458 verba
854 1392 998 1475 (LVlHl.
1025 1396 1087 1478 19.)
1111 1393 1128 1454 o
1151 1394 1185 1455 δὲ
1206 1394 1245 1475 δὴ
1273 1389 1327 1456 Ce-

198 1511 290 1576 ve'ccc
311 1512 327 1574 ὁ
348 1510 468 1577 Ἄννιον
490 1512 660 1578 ὁΛούκιοα
682 1513 699 1574 ὁ
721 1512 839 1576 adorco
853 1512 909 1593 μὲν
932 1514 1004 1576 rode
1025 1510 1100 1574 καθ’
1122 1512 1232 1575 ἑαυτὸν
1246 1511 1328 1575 Ῥω-

198 1631 309 1712 peloro
336 1631 473 1695 πολλοὺα
499 1631 534 1694 δέ
560 1632 612 1694 καὶ
642 1629 758 1694 didone
785 1632 874 1712 σοφίᾳ
904 1631 1060 1716 ύπεράραα
1081 1630 1235 1714 διεφθάρη
1257 1629 1327 1714 παρ’

199 1748 303 1830 ὀλίγον
323 1748 393 1833 μήτ’
416 1747 563 1834 dcccdccc
583 1773 622 1829 rc,
644 1752 721 1834 μήτε
743 1750 848 1828 δόξαν,
871 1746 920 1813 ὅτι
941 1751 1027 1834 δίκην
1048 1748 1118 1812 τινὰ
1140 1747 1173 1812 ἒν
1194 1751 1235 1831 τῷ
1256 1772 1326 1813 σνν-

199 1869 287 1951 εὸρίῳ
310 1869 464 1951 ααρόνταα
486 1871 583 1932 αὐτοῦ
607 1870 708 1933 καλῶν
729 1865 821 1934 εἶπεν.

284 1987 383 2053 Initio
406 1988 523 2070 imperi
546 1987 618 2071 daJ'i
644 1989 800 2054 Senecam
824 1992 1034 2070 quaesturam
1057 1987 1198 2069 gessisse
1214 1988 1327 2050 verisi-

201 2107 278 2171 mile
302 2111 362 2170 est.

287 2224 395 2290 Pauca
418 2229 546 2289 tantum
582 2225 621 2290 de
645 2224 769 2290 Seneca
801 2243 841 2289 ex
873 2224 923 2289 his
947 2224 1148 2304 temporibus
1173 2225 1330 2304 comperi-

201 2363 283 2424 mus,
308 2343 365 2408 sed
388 2348 422 2408 et
444 2344 514 2426 ejus
538 2362 616 2425 opes
640 2348 674 2409 et
697 2345 890 2426 dignitatem
916 2344 949 2406 in
977 2343 1063 2408 diem
1092 2347 1204 2408 auctas
1227 2342 1329 2408 fuisse

200 2467 290 2544 puto.
334 2463 406 2527 Hoc
427 2481 491 2526 non
515 2480 554 2527 ea
577 2482 675 2527 causa
699 2463 858 2529 contendo
882 2463 968 2544 quod
991 2462 1133 2527 adulteri
1155 2481 1227 2526 cum
1241 2462 1330 2528 Julia

202 2581 388 2647 Germanici
411 2579 479 2645 filia
501 2582 667 2646 commissi
689 2587 860 2647 accusatus
884 2581 1031 2646 exulatus
1056 2585 1120 2658 est;
1156 2580 1213 2645 sed
1244 2581 1329 2662 quia,

199 2704 374 2781 postquam
396 2704 472 2769 ‚octo
495 2718 597 2764 annos
618 2701 652 2764 in
675 2701 772 2766 exilio
795 2700 866 2779 luit,
888 2718 948 2782 per
970 2700 1103 2781 longum
1125 2698 1226 2781 igitur
1248 2705 1331 2764 tem-

200 2837 262 2900 pus
285 2819 462 2899 impeditus
478 2824 559 2900 erat,
585 2819 757 2901 quominus
771 2819 912 2900 publicis
928 2818 1115 2884 muneribus
1131 2817 1330 2899 fungeretur,

201 2938 402 3019 Agrippinae
423 2938 479 3002 ille
491 2939 580 3003 visus
599 2942 659 3017 est,
683 2939 775 3021 cujus
798 2956 859 3020 ope
883 2938 996 3021 adjuta
1020 2937 1156 3004 consilia
1175 2955 1235 3002 sua
1258 2955 1330 3001 con·

202 3059 255 3119 tra
272 3055 443 3122 Claudium
467 3058 602 3138 ejusque
625 3057 762 3122 libertos
786 3055 914 3122 efficere
936 3061 1059 3138 posset.
1091 3057 1248 3123 Senecam
1272 3057 1332 3137 igi-

107 3195 110 3202 ·
205 3178 259 3238 tur
269 3174 488 3257 quadraginta
510 3195 667 3240 annorum
691 3176 799 3257 spatio
821 3176 908 3240 inter
919 3176 1041 3240 Romae
1056 3179 1209 3256 potentes
1222 3180 1331 3240 aucto·

203 3294 335 3359 ritatem
364 3295 427 3360 sibi
459 3295 614 3360 ascivisse
644 3312 837 3376 persuasum
859 3294 980 3374 habeo,
1010 3312 1107 3376 quam
1134 3298 1173 3358 ut
1203 3293 1332 3375 frange-

203 3419 278 3478 rent
292 3413 417 3478 inimici
428 3413 531 3478 Roma
550 3431 624 3478 eum
635 3413 759 3496 pellere
771 3413 991 3478 necessarium
1003 3412 1197 3493 habuemnt‚
1221 3431 1332 3494 quam-

204 3533 315 3598 obrem
338 3532 479 3597 adulteri
505 3551 577 3598 cum
596 3533 684 3599 dulia
712 3533 877 3597 commissi
900 3550 972 3597 eum
997 3535 1239 3610 accusaverunt,
1263 3531 1331 3595 sive

200 3652 273 3733 jure
297 3651 365 3715 sive
387 3651 522 3734 injuria3
551 3670 649 3716 causa
673 3651 814 3716 Senecae
838 3651 1012 3716 accusandi
1035 3669 1115 3730 opus
1145 3655 1226 3728 erat,
1249 3650 1331 3714 haee

203 3768 270 3832 illis
305 3769 507 3849 temporibus
541 3770 786 3851 paratissimam
820 3787 893 3835 sese
925 3768 1078 3850 praebuit
1115 3767 1332 3848 facillimeque

206 3886 409 3952 credebatur.
452 3887 557 3951 Mirae
588 3887 689 3969 igitur
724 3894 811 3953 certe
844 3891 921 3952 sunt
952 3886 1180 3951 nonnullorum
1204 3906 1253 3950 vv.
1279 3886 1331 3951 dd.

206 4006 432 4070 excusationes
467 4004 609 4070 Senecae
645 4007 826 4088 pudicitiae
858 4005 1122 4071 contendentium
1155 4003 1236 4067 nihil
1269 4005 1333 4069 nisi

205 4123 392 4188 libertatem
415 4142 488 4187 eum
509 4126 699 4205 potentibus
722 4125 862 4190 invisum
884 4123 1114 4208 reddidisse2).
1160 4123 1241 4189 Octo
1258 4125 1333 4188 anni

246 4375 272 4444 2)
291 4373 325 4430 cf.
343 4374 419 4431 Casa.
437 4376 499 4432 Dio.
518 4377 577 4431 LX.
594 4378 619 4432 3.
637 4373 709 4446 αὕτη
728 4377 884 4448 (Οὐαλερία
904 4376 1068 4443 Μεσσαλῖναν)
1090 4379 1142 4443 τὴν
1158 4374 1329 4430 Ἰουλίαν...
