2992 4926
718 332 762 404 le

178 555 276 619 animi
304 557 576 639 tranquillitatem
611 558 726 622 docere
749 557 828 622 vult.
874 556 944 635 Qua
977 557 1012 620 in
1044 555 1312 621 demontratieue

126 682 129 690 '
179 675 212 738 id
234 694 331 739 unum
355 676 677 740 animadvertendum
709 695 781 741 esse
812 677 893 740 milri
921 676 1070 754 videtur,
1103 693 1175 738 oum
1199 680 1312 739 cetera

181 795 289 858 onmia
312 796 344 859 in
367 796 553 859 universum
568 795 656 858 dicta
679 796 754 875 sint,
778 795 864 876 quod
888 794 975 858 nullo
994 793 1091 875 hujus
1111 794 1224 874 scripti
1237 792 1310 858 lece

180 915 335 978 Senecam
370 933 404 977 se
435 915 541 994 ipsum
572 916 720 978 nominat
754 919 810 978 aut
832 914 942 994 potius
967 914 1112 992 denotat,
1135 912 1199 977 nisi
1222 912 1312 994 quod

179 1052 418 1114 nonnumquam
449 1031 520 1096 fieri
544 1034 700 1111 concedit,
726 1035 811 1115 quod
835 1033 907 1115 quis
932 1032 1092 1114 dignitate
1116 1036 1173 1096 aut
1195 1032 1312 1096 ordine

180 1153 316 1231 insignis
339 1152 443 1216 locum
467 1152 657 1231 ampliorem
681 1170 752 1215 cum
776 1151 894 1215 studiis
918 1155 1110 1229 commutat3
1133 1168 1312 1231 numquam

181 1275 289 1334 autem
324 1271 406 1333 hunc
428 1270 533 1334 locum
557 1289 691 1350 prorsus
714 1270 928 1334 deserendum
950 1289 1022 1334 esse
1046 1269 1222 1334 contendit.
1269 1269 1314 1334 Et

182 1389 409 1453 observatione
439 1390 571 1469 dignam
600 1395 678 1469 puto
707 1391 902 1453 sententiam
933 1389 976 1470 (4.
1000 1392 1043 1473 2.)
1069 1406 1160 1466 „cum
1182 1387 1314 1453 delectu

182 1508 326 1571 inveniat
347 1508 489 1589 aliquid,
523 1509 556 1570 in
587 1527 650 1589 quo
679 1509 769 1572 utilis
799 1509 924 1572 civitati
948 1508 1026 1587 sit;“
1057 1526 1121 1571 non
1149 1507 1245 1570 dicit:
1280 1507 1314 1570 in

184 1647 245 1708 quo
269 1626 360 1691 utilis
384 1626 611 1708 philosophiae
635 1629 703 1691 sive
726 1627 846 1691 litteris
871 1629 929 1691 sed
954 1626 1116 1704 „civitati“
1143 1625 1195 1689 sit.
1240 1640 1243 1645 ·

270 1745 376 1810 Certis
400 1747 441 1809 ad
468 1751 619 1826 tempus,
654 1765 717 1828 quo
751 1747 950 1827 compositus
980 1746 1039 1825 sit,
1069 1746 1165 1827 hujus
1190 1744 1315 1825 dialogi

184 1866 398 1930 deliniendum
423 1865 511 1928 tunsis
535 1884 628 1929 careo
654 1867 711 1930 sed
742 1867 905 1930 sententia
933 1883 1007 1928 mea
1040 1868 1091 1929 est
1113 1864 1209 1927 haec:
1240 1882 1315 1927 curn

184 1990 254 2048 tota
278 1985 560 2066 augmentatione
585 1985 709 2049 Seneca
738 1987 962 2051 demonstrare
985 1983 1128 2048 voluisse
1151 1982 1314 2062 videatur,

183 2105 275 2168 illum
309 2104 556 2183 vituperandum
591 2123 769 2183 danesse,
806 2103 861 2184 qui
882 2102 1022 2183 publicis
1046 2100 1161 2166 officiis
1183 2099 1316 2165 functus

185 2225 287 2288 otium
321 2224 417 2287 rebus
449 2223 601 2287 misceret
636 2225 712 2305 quia
746 2242 922 2304 numquam
956 2221 1081 2285 inutilis
1117 2225 1204 2285 esset
1235 2220 1330 2301 civis=

184 2345 259 2407 ivoni
284 2361 394 2422 opera,
418 2343 471 2422 qui
497 2342 578 2406 alios
595 2342 739 2406 docende
763 2343 927 2406 civitatem
948 2341 1078 2422 juvaret
1094 2339 1158 2424 („si
1175 2358 1194 2403 a
1209 2339 1319 2419 prima

185 2471 217 2527 te
242 2463 398 2542 reipubl.
427 2467 520 2542 parte
549 2460 679 2525 fortuna
710 2462 910 2526 submoverit
937 2465 1005 2525 stes
1037 2465 1147 2523 tamen
1184 2462 1217 2522 ct
1251 2457 1318 2521 cla-

187 2603 275 2648 more
293 2585 387 2664 juves
411 2586 444 2645 et
466 2582 578 2662 siquis
602 2579 712 2645 fauces
728 2581 931 2661 oppresserit
954 2585 1020 2644 stes
1043 2584 1154 2644 tamen
1170 2583 1204 2641 et
1219 2577 1318 2641 silen-

187 2706 232 2768 tio
254 2704 383 2785 juves“)
417 2700 572 2764 Senecam
608 2719 671 2762 non
697 2700 828 2776 „statim
863 2705 939 2780 post
972 2699 1114 2762 reditum
1138 2715 1176 2761 ex
1198 2695 1315 2758 exili0“

188 2824 313 2895 (helon.
338 2822 377 2885 de
401 2819 513 2883 Claud.
539 2824 572 2882 et
594 2819 669 2882 Ner.
696 2820 747 2901 10)
771 2818 854 2882 hurm
878 2819 1042 2900 dialogum
1066 2816 1237 2896 scripsisse
1259 2833 1320 2894 pu-

188 2943 306 3019 tarim,
341 2939 398 3004 sed
421 2958 459 3002 eo
483 2936 551 3002 iere
577 2943 746 3018 tempore,
781 2956 844 3018 quo
878 2956 942 3001 non
962 2936 1108 3018 jam-„in
1131 2935 1237 3014 prima
1270 2933 1320 2996 rei

188 3061 277 3141 publ.
299 3063 411 3140 parte“
438 3058 514 3121 steti
538 3106 545 3134 ‚
577 3075 640 3138 quo
672 3057 824 3120 instituta
845 3057 965 3136 prieris
986 3054 1155 3135 potentiae
1178 3070 1320 3116 commu-

190 3181 282 3258 tavit,
306 3179 326 3241 i.
351 3197 368 3241 c
393 3177 478 3240 circa
501 3194 620 3240 alinum
643 3179 693 3238 62.
