2992 4926
522 1022 576 1100 lu
604 1021 776 1101 Serenum
803 1024 848 1102 de
875 1022 960 1101 otio.

646 1171 730 1237 (near.
747 1171 836 1241 rm.)

264 1459 369 1541 Supra
393 1462 615 1529 demonstrare
647 1470 782 1530 conatus
812 1482 883 1528 sum
910 1465 955 1548 (p.
982 1463 1034 1546 18)
1058 1463 1213 1529 Senecam
1244 1483 1313 1528 non

179 1580 292 1644 statim
322 1585 399 1660 post
427 1579 623 1663 colloquium
658 1603 741 1649 anno
777 1589 815 1649 62
846 1602 917 1647 cum
939 1583 1068 1647 Nerone
1095 1575 1244 1648 habitum
1269 1583 1311 1648 ab

180 1699 255 1762 aula
270 1699 484 1779 imperat-oria
499 1704 675 1768 recessisse
686 1704 753 1783 scd,
778 1703 885 1784 specie
902 1703 1066 1767 amicitiae
1083 1703 1314 1782 cumimpera·

177 1824 249 1883 tore
275 1825 419 1899 servata,
443 1820 565 1884 Romae
588 1823 757 1889 mansisse.
780 1823 872 1886 Anno
902 1827 1012 1886 tamen
1036 1825 1076 1886 64
1103 1818 1197 1900 „ficta
1218 1823 1311 1887 uale-

176 1938 288 2002 tudine
315 1940 408 2020 quasi
433 1958 530 2020 aeger
553 1942 661 2005 nervis
685 1941 864 2005 cubiculum
886 1960 950 2005 non
973 1958 1124 2022 egressus
1149 1946 1229 2005 est“.
1256 1941 1311 2024 (cf.

179 2057 253 2120 Tac.
278 2058 346 2122 XV.
370 2061 436 2143 45.)
481 2059 551 2122 Hoc
575 2080 658 2124 anno
682 2060 766 2124 hunc
789 2060 953 2140 dialogum
978 2061 1191 2140 compositum
1216 2061 1310 2126 duco.

262 2176 311 2239 Ex
330 2179 439 2242 verbis
461 2178 608 2257 priorum
631 2196 724 2258 capp.
748 2183 889 2260 apparet
912 2178 1068 2243 Senecam
1092 2197 1202 2244 senem
1226 2197 1311 2259 esse,

176 2295 314 2360 desiisse
338 2296 478 2376 publicis
495 2294 609 2360 officiis
626 2315 758 2377 operam
776 2298 865 2377 dare,
888 2298 1022 2378 Epicuri
1039 2299 1234 2363 sententiam
1260 2317 1312 2363 se-

178 2415 249 2496 qui:
276 2432 359 2493 „non
382 2416 516 2480 accedet
544 2416 585 2479 ad
613 2435 681 2480 rem
709 2436 741 2497 p.
766 2417 896 2496 sapiens
926 2417 990 2481 nisi
1014 2417 1144 2498 siquid
1168 2417 1311 2482 interve-

177 2535 293 2598 nerit“.
341 2534 440 2618 Cujus
473 2536 656 2600 sententiae
691 2554 820 2600 causam
855 2535 921 2598 late
955 2539 1069 2615 patere
1101 2536 1312 2617 persequitur

177 2659 210 2718 et
239 2655 325 2718 inter
353 2673 489 2733 causas,
522 2673 602 2735 quas
637 2659 806 2718 enumerat
838 2652 946 2718 adfert
980 2655 1094 2733 etiam,
1126 2655 1311 2734 sapientem
1371 2733 1373 2736 Α

176 2792 240 2838 non
262 2791 468 2838 accessurum
485 2791 557 2837 esse
573 2773 615 2837 ad
631 2791 700 2836 rem
715 2792 747 2853 p.
775 2773 822 2844 „si
837 2771 992 2837 ualetudo
1016 2773 1106 2836 illum
1129 2773 1310 2853 inpediet“.

178 2892 242 2957 Sed
274 2893 374 2956 etiam
405 2893 470 2956 alia
492 2911 528 2956 re
551 2892 729 2973 impeditur
752 2891 903 2971 sapiens,
939 2892 1109 2972 quominus
1132 2891 1229 2956 rebus
1252 2909 1309 2971 pp.

179 3010 341 3092 fungatur,
367 3012 573 3091 „corruptior
595 3016 646 3075 est
669 3009 869 3090 respublica
891 3028 989 3090 quam
1012 3015 1049 3075 ut
1064 3010 1212 3093 adjuvari
1233 3028 1312 3089 pos-

177 3130 255 3194 sit“.
285 3129 407 3194 Videas
424 3148 520 3211 quam
544 3129 666 3209 optime
689 3128 769 3191 haec
787 3132 966 3207 congruunt
990 3146 1062 3192 cum
1084 3128 1181 3193 rebus
1206 3148 1224 3191 a
1246 3128 1311 3192 Ne-

109 3272 112 3277 ⁴
178 3267 256 3313 rone
281 3267 364 3312 anno
389 3252 429 3313 64
452 3247 565 3328 gestis,
590 3267 670 3328 quas
695 3247 827 3311 Tacit-us
849 3245 917 3310 XV.
943 3251 1078 3310 33-45.
1102 3247 1250 3311 tradidit.

262 3369 355 3432 Hunc
389 3366 553 3447 dialogum
588 3365 737 3429 ultimum
761 3364 904 3428 Senecae
927 3366 1122 3445 scriptorum
1145 3365 1311 3431 nonnullis

176 3487 317 3552 fortasse
339 3485 490 3566 epistulis
515 3485 658 3565 exceptis
684 3482 785 3548 fuisse
808 3487 898 3563 puto.

260 3606 489 3683 Lehmannus,
525 3604 580 3686 qui
616 3623 687 3667 cum
721 3604 838 3666 ceteris
861 3622 911 3667 vv.
937 3603 989 3666 dd.
1016 3602 1171 3666 Senecam
1195 3602 1315 3673 statim,

176 3729 254 3805 post
276 3725 465 3789 notissimas
482 3724 556 3788 illas
573 3723 739 3788 orationes
755 3722 859 3785 Roma
882 3722 1076 3786 rescessisse
1092 3725 1197 3801 putat,
1223 3721 1311 3802 quod

180 3845 267 3908 omni
290 3843 532 3908 verisimilitate
556 3846 667 3921 caret,
702 3841 786 3904 hunc
820 3840 986 3921 dialogum
1014 3840 1047 3903 in
1070 3858 1154 3903 anno
1187 3843 1226 3903 62
1250 3856 1309 3918 po-

177 3963 251 4028 suit.
