2992 4926
724 296 767 372 54

264 522 357 600 Quod
390 540 462 586 cum
493 526 676 588 statuamus
709 527 840 605 oportet
877 541 937 589 nos
977 523 1191 606 epistularum
1224 527 1316 592 ordi-

180 658 254 705 nem
284 641 508 722 incorruptum
540 641 700 706 mansisse
729 661 867 708 sumere.
911 644 962 708 De
984 642 1046 709 hoc
1068 644 1181 710 ordine
1204 645 1316 711 conle-

180 760 283 825 renda
326 764 403 824 sunt
435 759 538 824 Haasi
571 760 672 825 verba
708 761 741 824 in
779 760 881 842 praei.
916 762 958 827 ad
990 763 1142 828 volumen
1175 765 1314 830 tertium

179 899 210 960 p.
233 879 288 946 Vl.
315 877 383 953 „De
415 877 561 960 ipsarum
595 897 672 944 vero
706 879 922 961 epistularum
956 882 1071 947 ordine
1093 887 1231 948 nonest
1255 902 1317 949 cur
1355 952 1365 969 ,

180 999 348 1064 dubitetur
387 1016 447 1079 ego
490 1003 577 1062 certe
612 1018 716 1081 neque
749 1000 805 1065 ubi
840 1000 881 1065 de
914 1005 1063 1083 tempore
1095 1003 1314 1083 epistularum

180 1118 257 1182 sciri
280 1116 405 1199 aliquid
433 1120 545 1196 potest
574 1119 720 1182 ordinem
749 1136 931 1200 repugnare
961 1119 1176 1186 animadverti
1205 1139 1315 1204 neque

179 1236 213 1300 in
236 1236 327 1301 codd.
352 1255 429 1303 mss.
452 1237 578 1305 turbati
611 1238 734 1303 ordinis
767 1238 835 1302 ulla
857 1243 947 1303 certa
969 1238 1091 1305 indicia
1112 1239 1221 1305 inveni
1243 1239 1313 1306 nisi

181 1355 266 1438 quod
290 1355 388 1420 dubia
419 1358 499 1422 mihi
521 1357 650 1424 videtur
673 1357 768 1422 sedes
791 1375 841 1437 ep.
863 1362 903 1423 75
927 1406 986 1422 ...
1010 1357 1074 1423 Sed
1097 1356 1138 1422 ab
1160 1376 1225 1422 uno
1249 1358 1315 1423 hoc

181 1479 215 1539 et
237 1474 334 1539 dubio
359 1476 506 1557 exemplo
529 1476 557 1541 si
581 1475 772 1541 discesseris
787 1476 940 1540 videntur
956 1476 1034 1541 milri
1057 1477 1171 1542 eodem
1197 1477 1317 1542 ordine

182 1612 255 1675 epp.
278 1612 363 1659 nunc
386 1613 514 1676 quoque
536 1595 614 1676 legi,
638 1613 701 1677 quo
725 1595 802 1658 olim
826 1612 845 1658 a
868 1593 992 1660 Seneca
1015 1595 1157 1676 scriptae
1181 1600 1291 1660 sunt.⁴‘

264 1712 473 1781 heumannus
507 1713 637 1798 (anim.
659 1711 746 1777 vin.
771 1716 845 1778 sas.
880 1713 929 1779 ne
953 1712 1066 1778 clauo.
1091 1718 1124 1779 et
1157 1714 1235 1779 uer.
1252 1690 1317 1798 rr)

182 1834 370 1898 l'ickertum
404 1832 450 1916 (l.
479 1850 511 1913 p.
534 1831 626 1915 XII.)
661 1835 791 1896 secutus
824 1832 979 1896 nonnulla
1012 1832 1206 1897 conturbata
1239 1850 1318 1898 esse

182 1951 358 2017 contendit.
403 1950 514 2016 Movet
540 1951 571 2015 ei
599 1948 809 2016 difficultates
843 1950 985 2032 epistula
1020 1956 1058 2016 14
1083 1951 1160 2033 quia
1193 1951 1316 2016 ultima

181 2070 380 2154 paragraphi
403 2070 537 2152 quintae
552 2069 652 2133 verba
675 2069 803 2150 „cogita
825 2069 979 2134 hocloco
1004 2087 1167 2134 carcerem
1191 2073 1226 2134 et
1241 2088 1319 2135 cru-

182 2209 234 2256 ces
258 2194 291 2256 et
314 2189 443 2255 eculeos
466 2193 499 2253 et
521 2206 637 2252 uncum
661 2191 695 2252 et
717 2187 869 2253 adactum
890 2206 950 2270 per
972 2189 1114 2253 medium
1136 2188 1317 2269 hominem,

181 2311 237 2393 qui
256 2326 316 2390 per
338 2326 375 2373 os
405 2311 606 2389 emergeret,
641 2305 788 2387 stipitem
822 2312 855 2371 et
888 2307 1048 2372 distracta
1080 2306 1114 2372 in
1149 2307 1319 2373 diversum

181 2429 264 2494 actis
286 2426 434 2493 curribus
467 2425 628 2503 membra,
648 2425 751 2489 -illam
780 2426 924 2490 tunicam
947 2425 1112 2492 alimentis
1135 2426 1258 2508 ignium
1282 2431 1319 2492 et

180 2549 309 2614 inlitam
342 2551 376 2611 et
407 2549 548 2624 textam,
583 2548 616 2609 et
643 2543 796 2626 quicquid
826 2543 915 2609 aliud
947 2549 1081 2625 praetor
1113 2544 1194 2610 haee
1228 2563 1317 2610 com-

181 2673 292 2733 menta
313 2664 454 2732 saevitia
477 2667 556 2744 est,“
581 2661 683 2728 refert
705 2663 747 2727 ad
769 2662 926 2742 ludibria,
949 2680 1032 2745 quae
1055 2681 1140 2728 anno
1163 2667 1204 2728 64
1228 2664 1316 2729 chri-

183 2785 300 2852 stianis
323 2783 438 2849 addita
459 2781 589 2847 Tacitus
612 2782 693 2866 (XV.
716 2783 772 2866 44)
795 2782 908 2846 tradit.

268 2903 361 2982 Quod
382 2900 501 2966 falsum
524 2906 591 2980 est3
627 2901 749 2967 omisso
772 2901 858 2966 enim
881 2900 963 2965 talia
985 2917 1005 2963 a
1026 2899 1166 2980 Nerone,
1198 2898 1226 2964 si
1250 2918 1318 2965 non

183 3023 370 3100 commissa,
398 3024 509 3086 tamen
536 3017 676 3100 probata
703 3017 849 3084 facinora
871 3019 1032 3084 nerninem
1055 3037 1074 3082 a
1098 3018 1220 3084 Seneca
1245 3036 1314 3082 me-

182 3145 311 3206 morata
333 3139 531 3205 crediturum
554 3155 643 3218 esse,
673 3137 754 3202 haec
782 3137 925 3219 epistula
946 3138 1032 3202 inter
1054 3155 1126 3216 eas3
1156 3152 1239 3217 quae
1262 3134 1314 3201 ul-

182 3261 272 3326 timis
296 3259 438 3324 Senecae
469 3257 563 3322 annis
585 3255 786 3338 compositae
809 3261 885 3321 sunt
905 3256 1070 3321 numerari
1097 3254 1225 3321 omnino
1249 3273 1317 3319 non
1348 3320 1365 3329 ,

181 3384 302 3462 potest,
326 3378 403 3460 quia
426 3376 467 3461 (ᾗ.
494 3376 547 3459 17)
566 3393 684 3454 „aurea
708 3374 811 3455 stipe“
837 3375 975 3440 amioum
997 3374 1211 3456 philosophus
1238 3371 1320 3450 „im-

182 3499 270 3580 plet“
296 3497 332 3562 id
354 3496 450 3579 quod,
474 3500 510 3560 ut
533 3498 631 3558 antea
653 3493 739 3573 dixi,
773 3512 837 3557 non
869 3494 933 3558 nisi
956 3493 989 3558 in
1011 3493 1174 3575 prioribus
1198 3491 1316 3587 viginti

184 3635 300 3681 novem
323 3615 474 3697 epistulis
507 3612 605 3692 facit,
638 3612 755 3677 deinde
774 3612 923 3693 omittit,
958 3613 1044 3695 quod
1066 3611 1228 3689 Lucilius,
1259 3611 1316 3693 qui

183 3735 241 3801 illo
271 3740 419 3816 tempore
452 3734 576 3798 etiam
603 3736 851 3813 procurator
873 3730 951 3797 luit
973 3736 1108 3813 questus
1131 3733 1191 3796 est.
1236 3728 1316 3810 Epi-

183 3973 541 3986 ——.—-.-——-——--

270 4137 541 4209 oppidaaverterott,
559 4141 588 4194 et
604 4137 672 4204 §.92
699 4137 871 4208 „frequentor
887 4139 967 4196 nobis
983 4138 1099 4195 nuntiati
1116 4143 1180 4195 suut
1196 4143 1317 4195 totarum

270 4241 376 4296 urbium
392 4241 542 4297 interitua“.
