<?xml version="1.0" encoding="UTF-8"?>
<!DOCTYPE html PUBLIC "-//W3C//DTD XHTML 1.0 Transitional//EN"
    "http://www.w3.org/TR/xhtml1/DTD/xhtml1-transitional.dtd">
<html xmlns="http://www.w3.org/1999/xhtml" xml:lang="en" lang="en">
 <head>
  <title>
</title>
<meta http-equiv="Content-Type" content="text/html;charset=utf-8" />
  <meta name='ocr-system' content='tesseract 3.04.00' />
  <meta name='ocr-capabilities' content='ocr_page ocr_carea ocr_par ocr_line ocrx_word'/>
</head>
<body>
  <div class='ocr_page' id='page_1' title='image "./delannaeiseneca00martgoog_0014.png"; bbox 0 0 2992 4926; ppageno 0'>
   <div class='ocr_carea' id='block_1_1' title="bbox 710 339 731 413">
    <p class='ocr_par' dir='ltr' id='par_1_1' title="bbox 710 339 731 413">
     <span class='ocr_line' id='line_1_1' title="bbox 710 339 731 413; baseline 0 0"><span class='ocrx_word' id='word_1_1' title='bbox 710 339 731 413; x_wconf 79' lang='grc'>9</span> 
     </span>
    </p>
   </div>
   <div class='ocr_carea' id='block_1_2' title="bbox 145 563 1368 3143">
    <p class='ocr_par' dir='ltr' id='par_1_2' title="bbox 145 563 1293 1344">
     <span class='ocr_line' id='line_1_2' title="bbox 145 563 1288 648; baseline -0.003 -16"><span class='ocrx_word' id='word_1_2' title='bbox 145 616 148 632; x_wconf 87' lang='grc'>.</span> <span class='ocrx_word' id='word_1_3' title='bbox 244 565 438 633; x_wconf 81' lang='lat' dir='ltr'>Rectissime</span> <span class='ocrx_word' id='word_1_4' title='bbox 461 585 502 634; x_wconf 81' lang='lat' dir='ltr'>m.</span> <span class='ocrx_word' id='word_1_5' title='bbox 525 586 556 648; x_wconf 95' lang='lat' dir='ltr'>q.</span> <span class='ocrx_word' id='word_1_6' title='bbox 579 585 605 631; x_wconf 91' lang='lat' dir='ltr'>s.</span> <span class='ocrx_word' id='word_1_7' title='bbox 631 564 780 631; x_wconf 81' lang='lat' dir='ltr'>Cluvium</span> <span class='ocrx_word' id='word_1_8' title='bbox 803 583 876 630; x_wconf 90' lang='lat' dir='ltr'>eum</span> <span class='ocrx_word' id='word_1_9' title='bbox 898 564 999 632; x_wconf 89' lang='lat' dir='ltr'>fuisse</span> <span class='ocrx_word' id='word_1_10' title='bbox 1022 565 1136 646; x_wconf 89' lang='lat' dir='ltr'>credit,</span> <span class='ocrx_word' id='word_1_11' title='bbox 1160 564 1216 647; x_wconf 91' lang='lat' dir='ltr'>qui</span> <span class='ocrx_word' id='word_1_12' title='bbox 1229 563 1288 630; x_wconf 84' lang='lat' dir='ltr'>Oa·</span> 
     </span>
     <span class='ocr_line' id='line_1_3' title="bbox 158 684 1290 767; baseline -0.001 -18"><span class='ocrx_word' id='word_1_13' title='bbox 158 684 290 766; x_wconf 88' lang='lat' dir='ltr'>ligulae,</span> <span class='ocrx_word' id='word_1_14' title='bbox 311 685 439 766; x_wconf 82' lang='lat' dir='ltr'>Claudi,</span> <span class='ocrx_word' id='word_1_15' title='bbox 455 685 595 751; x_wconf 90' lang='lat' dir='ltr'>Neronis</span> <span class='ocrx_word' id='word_1_16' title='bbox 611 685 705 767; x_wconf 83' lang='lat' dir='ltr'><strong>quasi</strong></span> <span class='ocrx_word' id='word_1_17' title='bbox 720 685 879 766; x_wconf 81' lang='lat' dir='ltr'>imagines</span> <span class='ocrx_word' id='word_1_18' title='bbox 894 684 1084 765; x_wconf 82' lang='lat' dir='ltr'>posteritati</span> <span class='ocrx_word' id='word_1_19' title='bbox 1099 689 1169 750; x_wconf 88' lang='lat' dir='ltr'>tam</span> <span class='ocrx_word' id='word_1_20' title='bbox 1184 684 1290 750; x_wconf 88' lang='lat' dir='ltr'>claras</span> 
     </span>
     <span class='ocr_line' id='line_1_4' title="bbox 159 801 1292 886; baseline 0 -18"><span class='ocrx_word' id='word_1_21' title='bbox 159 805 343 870; x_wconf 89' lang='lat' dir='ltr'>tradiderit.</span> <span class='ocrx_word' id='word_1_22' title='bbox 389 804 454 870; x_wconf 92' lang='lat' dir='ltr'>Sed</span> <span class='ocrx_word' id='word_1_23' title='bbox 477 823 673 886; x_wconf 88' lang='lat' dir='ltr'>quamquam</span> <span class='ocrx_word' id='word_1_24' title='bbox 695 805 809 885; x_wconf 85' lang='lat' dir='ltr'>negari</span> <span class='ocrx_word' id='word_1_25' title='bbox 843 823 908 869; x_wconf 91' lang='lat' dir='ltr'>non</span> <span class='ocrx_word' id='word_1_26' title='bbox 936 807 1048 884; x_wconf 89' lang='lat' dir='ltr'>potest</span> <span class='ocrx_word' id='word_1_27' title='bbox 1077 801 1226 868; x_wconf 83' lang='lat' dir='ltr'>Cluvium</span> <span class='ocrx_word' id='word_1_28' title='bbox 1249 803 1292 868; x_wconf 89' lang='lat' dir='ltr'>ad</span> 
     </span>
     <span class='ocr_line' id='line_1_5' title="bbox 159 920 1291 1005; baseline -0.002 -18"><span class='ocrx_word' id='word_1_29' title='bbox 159 941 212 988; x_wconf 91' lang='lat' dir='ltr'>res</span> <span class='ocrx_word' id='word_1_30' title='bbox 234 924 365 989; x_wconf 94' lang='lat' dir='ltr'>illorum</span> <span class='ocrx_word' id='word_1_31' title='bbox 388 928 572 1005; x_wconf 90' lang='lat' dir='ltr'>temporum</span> <span class='ocrx_word' id='word_1_32' title='bbox 584 922 806 1005; x_wconf 85' lang='lat' dir='ltr'>depingendas</span> <span class='ocrx_word' id='word_1_33' title='bbox 830 923 953 1005; x_wconf 92' lang='lat' dir='ltr'>optime</span> <span class='ocrx_word' id='word_1_34' title='bbox 969 923 1163 988; x_wconf 88' lang='lat' dir='ltr'>instructum</span> <span class='ocrx_word' id='word_1_35' title='bbox 1179 920 1291 1002; x_wconf 84' lang='lat' dir='ltr'>fuisse,</span> 
     </span>
     <span class='ocr_line' id='line_1_6' title="bbox 159 1041 1291 1125; baseline 0 -19"><span class='ocrx_word' id='word_1_36' title='bbox 159 1046 269 1106; x_wconf 87' lang='lat' dir='ltr'>tamen</span> <span class='ocrx_word' id='word_1_37' title='bbox 293 1043 415 1109; x_wconf 88' lang='lat' dir='ltr'>socium</span> <span class='ocrx_word' id='word_1_38' title='bbox 438 1042 577 1107; x_wconf 90' lang='lat' dir='ltr'>Neronis</span> <span class='ocrx_word' id='word_1_39' title='bbox 607 1042 804 1124; x_wconf 89' lang='lat' dir='ltr'>ineptiarum</span> <span class='ocrx_word' id='word_1_40' title='bbox 832 1043 966 1125; x_wconf 87' lang='lat' dir='ltr'>dignum</span> <span class='ocrx_word' id='word_1_41' title='bbox 996 1061 1061 1107; x_wconf 95' lang='lat' dir='ltr'>non</span> <span class='ocrx_word' id='word_1_42' title='bbox 1088 1041 1291 1120; x_wconf 71' lang='lat' dir='ltr'>habebimus</span> 
     </span>
     <span class='ocr_line' id='line_1_7' title="bbox 160 1160 1293 1243; baseline -0.003 -17"><span class='ocrx_word' id='word_1_43' title='bbox 160 1162 211 1227; x_wconf 93' lang='lat' dir='ltr'>cui</span> <span class='ocrx_word' id='word_1_44' title='bbox 245 1179 374 1242; x_wconf 88' lang='lat' dir='ltr'>semper</span> <span class='ocrx_word' id='word_1_45' title='bbox 404 1162 565 1227; x_wconf 89' lang='lat' dir='ltr'>credatur.</span> <span class='ocrx_word' id='word_1_46' title='bbox 610 1160 697 1241; x_wconf 88' lang='lat' dir='ltr'>Imo,</span> <span class='ocrx_word' id='word_1_47' title='bbox 721 1180 805 1243; x_wconf 91' lang='lat' dir='ltr'>quae</span> <span class='ocrx_word' id='word_1_48' title='bbox 835 1162 939 1227; x_wconf 86' lang='lat' dir='ltr'>tradit</span> <span class='ocrx_word' id='word_1_49' title='bbox 967 1180 1092 1226; x_wconf 88' lang='lat' dir='ltr'>summa</span> <span class='ocrx_word' id='word_1_50' title='bbox 1121 1160 1293 1243; x_wconf 83' lang='lat' dir='ltr'>diligentia</span> 
     </span>
     <span class='ocr_line' id='line_1_8' title="bbox 162 1279 487 1344; baseline 0.006 -2"><span class='ocrx_word' id='word_1_51' title='bbox 162 1279 377 1344; x_wconf 79' lang='lat' dir='ltr'>examinanda</span> <span class='ocrx_word' id='word_1_52' title='bbox 401 1285 487 1344; x_wconf 91' lang='lat' dir='ltr'>sunt.</span> 
     </span>
    </p>

    <p class='ocr_par' dir='ltr' id='par_1_3' title="bbox 160 1397 1294 2074">
     <span class='ocr_line' id='line_1_9' title="bbox 245 1397 1293 1480; baseline 0.001 -18"><span class='ocrx_word' id='word_1_53' title='bbox 245 1398 359 1480; x_wconf 91' lang='lat' dir='ltr'>Neque</span> <span class='ocrx_word' id='word_1_54' title='bbox 375 1398 473 1463; x_wconf 90' lang='lat' dir='ltr'>aliter</span> <span class='ocrx_word' id='word_1_55' title='bbox 492 1397 712 1480; x_wconf 92' lang='lat' dir='ltr'>judicabimus</span> <span class='ocrx_word' id='word_1_56' title='bbox 736 1398 776 1463; x_wconf 91' lang='lat' dir='ltr'>de</span> <span class='ocrx_word' id='word_1_57' title='bbox 791 1398 893 1463; x_wconf 88' lang='lat' dir='ltr'>Fabio</span> <span class='ocrx_word' id='word_1_58' title='bbox 909 1398 1053 1479; x_wconf 86' lang='lat' dir='ltr'>Rustico,</span> <span class='ocrx_word' id='word_1_59' title='bbox 1077 1399 1181 1464; x_wconf 88' lang='lat' dir='ltr'>altero</span> <span class='ocrx_word' id='word_1_60' title='bbox 1204 1398 1293 1464; x_wconf 88' lang='lat' dir='ltr'>fonte</span> 
     </span>
     <span class='ocr_line' id='line_1_10' title="bbox 161 1516 1294 1598; baseline 0.001 -17"><span class='ocrx_word' id='word_1_61' title='bbox 161 1536 181 1581; x_wconf 89' lang='lat' dir='ltr'>a</span> <span class='ocrx_word' id='word_1_62' title='bbox 203 1517 315 1583; x_wconf 90' lang='lat' dir='ltr'>Tacito</span> <span class='ocrx_word' id='word_1_63' title='bbox 339 1534 438 1597; x_wconf 89' lang='lat' dir='ltr'>saepe</span> <span class='ocrx_word' id='word_1_64' title='bbox 460 1522 629 1598; x_wconf 92' lang='lat' dir='ltr'>usurpato.</span> <span class='ocrx_word' id='word_1_65' title='bbox 674 1517 796 1583; x_wconf 88' lang='lat' dir='ltr'>Fabius</span> <span class='ocrx_word' id='word_1_66' title='bbox 820 1517 916 1597; x_wconf 88' lang='lat' dir='ltr'>enim,</span> <span class='ocrx_word' id='word_1_67' title='bbox 940 1517 1063 1583; x_wconf 87' lang='lat' dir='ltr'>amicus</span> <span class='ocrx_word' id='word_1_68' title='bbox 1085 1518 1121 1583; x_wconf 89' lang='lat' dir='ltr'>L.</span> <span class='ocrx_word' id='word_1_69' title='bbox 1138 1519 1176 1582; x_wconf 78' lang='lat' dir='ltr'>A.</span> <span class='ocrx_word' id='word_1_70' title='bbox 1194 1516 1294 1583; x_wconf 90' lang='lat' dir='ltr'>Sene·</span> 
     </span>
     <span class='ocr_line' id='line_1_11' title="bbox 162 1634 1292 1715; baseline 0 -15"><span class='ocrx_word' id='word_1_71' title='bbox 162 1654 233 1715; x_wconf 87' lang='lat' dir='ltr'>cae,</span> <span class='ocrx_word' id='word_1_72' title='bbox 268 1634 310 1698; x_wconf 92' lang='lat' dir='ltr'>M.</span> <span class='ocrx_word' id='word_1_73' title='bbox 334 1637 372 1700; x_wconf 87' lang='lat' dir='ltr'>A.</span> <span class='ocrx_word' id='word_1_74' title='bbox 397 1634 540 1700; x_wconf 83' lang='lat' dir='ltr'>Senecae</span> <span class='ocrx_word' id='word_1_75' title='bbox 565 1636 740 1709; x_wconf 82' lang='lat' dir='ltr'>„historias</span> <span class='ocrx_word' id='word_1_76' title='bbox 763 1636 804 1701; x_wconf 90' lang='lat' dir='ltr'>ab</span> <span class='ocrx_word' id='word_1_77' title='bbox 828 1636 923 1701; x_wconf 88' lang='lat' dir='ltr'>initio</span> <span class='ocrx_word' id='word_1_78' title='bbox 944 1636 1104 1701; x_wconf 91' lang='lat' dir='ltr'>bellorum</span> <span class='ocrx_word' id='word_1_79' title='bbox 1128 1637 1292 1701; x_wconf 86' lang='lat' dir='ltr'>civilium“</span> 
     </span>
     <span class='ocr_line' id='line_1_12' title="bbox 161 1748 1294 1836; baseline 0.002 -18"><span class='ocrx_word' id='word_1_80' title='bbox 161 1754 237 1819; x_wconf 88' lang='lat' dir='ltr'>inde</span> <span class='ocrx_word' id='word_1_81' title='bbox 260 1758 430 1819; x_wconf 83' lang='lat' dir='ltr'>exsecutus</span> <span class='ocrx_word' id='word_1_82' title='bbox 454 1758 521 1832; x_wconf 88' lang='lat' dir='ltr'>est,</span> <span class='ocrx_word' id='word_1_83' title='bbox 550 1754 605 1819; x_wconf 95' lang='lat' dir='ltr'>ubi</span> <span class='ocrx_word' id='word_1_84' title='bbox 628 1754 725 1818; x_wconf 89' lang='lat' dir='ltr'>amici</span> <span class='ocrx_word' id='word_1_85' title='bbox 745 1759 842 1836; x_wconf 92' lang='lat' dir='ltr'>pater</span> <span class='ocrx_word' id='word_1_86' title='bbox 864 1761 968 1819; x_wconf 91' lang='lat' dir='ltr'>morte</span> <span class='ocrx_word' id='word_1_87' title='bbox 991 1755 1167 1835; x_wconf 91' lang='lat' dir='ltr'>impeditus</span> <span class='ocrx_word' id='word_1_88' title='bbox 1186 1748 1294 1820; x_wconf 71' lang='lat' dir='ltr'>&#39;desie-</span> 
     </span>
     <span class='ocr_line' id='line_1_13' title="bbox 160 1871 1293 1954; baseline -0.001 -17"><span class='ocrx_word' id='word_1_89' title='bbox 160 1877 223 1937; x_wconf 90' lang='lat' dir='ltr'>rat.</span> <span class='ocrx_word' id='word_1_90' title='bbox 267 1873 404 1938; x_wconf 85' lang='lat' dir='ltr'>Fabium</span> <span class='ocrx_word' id='word_1_91' title='bbox 427 1872 589 1953; x_wconf 88' lang='lat' dir='ltr'>incepisse</span> <span class='ocrx_word' id='word_1_92' title='bbox 611 1877 708 1954; x_wconf 86' lang='lat' dir='ltr'>putat</span> <span class='ocrx_word' id='word_1_93' title='bbox 725 1873 970 1939; x_wconf 88' lang='lat' dir='ltr'>Gutschmidius</span> <span class='ocrx_word' id='word_1_94' title='bbox 994 1871 1060 1954; x_wconf 91' lang='lat' dir='ltr'>(cui</span> <span class='ocrx_word' id='word_1_95' title='bbox 1081 1873 1151 1938; x_wconf 87' lang='lat' dir='ltr'>viro</span> <span class='ocrx_word' id='word_1_96' title='bbox 1175 1873 1293 1938; x_wconf 84' lang='lat' dir='ltr'>eximio</span> 
     </span>
     <span class='ocr_line' id='line_1_14' title="bbox 162 1990 875 2074; baseline 0 -18"><span class='ocrx_word' id='word_1_97' title='bbox 162 1993 243 2056; x_wconf 90' lang='lat' dir='ltr'>haec</span> <span class='ocrx_word' id='word_1_98' title='bbox 266 1992 305 2057; x_wconf 92' lang='lat' dir='ltr'>de</span> <span class='ocrx_word' id='word_1_99' title='bbox 327 1991 429 2057; x_wconf 89' lang='lat' dir='ltr'>Fabio</span> <span class='ocrx_word' id='word_1_100' title='bbox 453 1990 570 2074; x_wconf 88' lang='lat' dir='ltr'>debeo)</span> <span class='ocrx_word' id='word_1_101' title='bbox 594 1991 704 2072; x_wconf 84' lang='lat' dir='ltr'>oCaji</span> <span class='ocrx_word' id='word_1_102' title='bbox 726 1992 875 2072; x_wconf 91' lang='lat' dir='ltr'>imperio.</span> 
     </span>
    </p>

    <p class='ocr_par' dir='ltr' id='par_1_4' title="bbox 160 2108 1368 2550">
     <span class='ocr_line' id='line_1_15' title="bbox 245 2108 1295 2192; baseline 0.002 -18"><span class='ocrx_word' id='word_1_103' title='bbox 245 2110 357 2174; x_wconf 88' lang='lat' dir='ltr'>Amico</span> <span class='ocrx_word' id='word_1_104' title='bbox 382 2109 525 2175; x_wconf 82' lang='lat' dir='ltr'>Senecae</span> <span class='ocrx_word' id='word_1_105' title='bbox 549 2110 589 2175; x_wconf 94' lang='lat' dir='ltr'>de</span> <span class='ocrx_word' id='word_1_106' title='bbox 612 2108 736 2176; x_wconf 83' lang='lat' dir='ltr'>Seneca</span> <span class='ocrx_word' id='word_1_107' title='bbox 757 2108 913 2176; x_wconf 90' lang='lat' dir='ltr'>referenti</span> <span class='ocrx_word' id='word_1_108' title='bbox 934 2110 1009 2192; x_wconf 88' lang='lat' dir='ltr'>jure</span> <span class='ocrx_word' id='word_1_109' title='bbox 1032 2117 1145 2176; x_wconf 90' lang='lat' dir='ltr'>nostro</span> <span class='ocrx_word' id='word_1_110' title='bbox 1169 2109 1295 2176; x_wconf 89' lang='lat' dir='ltr'>diffide-</span> 
     </span>
     <span class='ocr_line' id='line_1_16' title="bbox 161 2226 1295 2297; baseline 0.004 -4"><span class='ocrx_word' id='word_1_111' title='bbox 161 2247 242 2294; x_wconf 91' lang='lat' dir='ltr'>mus.</span> <span class='ocrx_word' id='word_1_112' title='bbox 286 2228 397 2294; x_wconf 87' lang='lat' dir='ltr'>Etiam</span> <span class='ocrx_word' id='word_1_113' title='bbox 419 2228 551 2294; x_wconf 87' lang='lat' dir='ltr'>Tacitus</span> <span class='ocrx_word' id='word_1_114' title='bbox 578 2229 662 2293; x_wconf 88' lang='lat' dir='ltr'>hanc</span> <span class='ocrx_word' id='word_1_115' title='bbox 684 2229 724 2293; x_wconf 96' lang='lat' dir='ltr'>ob</span> <span class='ocrx_word' id='word_1_116' title='bbox 747 2247 817 2294; x_wconf 92' lang='lat' dir='ltr'>rem</span> <span class='ocrx_word' id='word_1_117' title='bbox 841 2230 881 2295; x_wconf 92' lang='lat' dir='ltr'>de</span> <span class='ocrx_word' id='word_1_118' title='bbox 903 2229 992 2294; x_wconf 92' lang='lat' dir='ltr'>illius</span> <span class='ocrx_word' id='word_1_119' title='bbox 1015 2226 1079 2294; x_wconf 89' lang='lat' dir='ltr'>fide</span> <span class='ocrx_word' id='word_1_120' title='bbox 1102 2230 1231 2295; x_wconf 90' lang='lat' dir='ltr'>dubitat</span> <span class='ocrx_word' id='word_1_121' title='bbox 1254 2229 1295 2297; x_wconf 84' lang='lat' dir='ltr'>cf.</span> 
     </span>
     <span class='ocr_line' id='line_1_17' title="bbox 160 2346 1295 2430; baseline 0 -18"><span class='ocrx_word' id='word_1_122' title='bbox 160 2346 261 2426; x_wconf 81' lang='lat' dir='ltr'>XIII,</span> <span class='ocrx_word' id='word_1_123' title='bbox 295 2351 346 2411; x_wconf 87' lang='lat'>20.</span> <span class='ocrx_word' id='word_1_124' title='bbox 374 2365 470 2425; x_wconf 86' lang='lat' dir='ltr'>„sane</span> <span class='ocrx_word' id='word_1_125' title='bbox 493 2347 616 2411; x_wconf 87' lang='lat' dir='ltr'>Fabius</span> <span class='ocrx_word' id='word_1_126' title='bbox 647 2347 784 2412; x_wconf 90' lang='lat' dir='ltr'>inclinat</span> <span class='ocrx_word' id='word_1_127' title='bbox 805 2347 848 2412; x_wconf 91' lang='lat' dir='ltr'>ad</span> <span class='ocrx_word' id='word_1_128' title='bbox 879 2347 993 2413; x_wconf 88' lang='lat' dir='ltr'>laudes</span> <span class='ocrx_word' id='word_1_129' title='bbox 1016 2347 1169 2427; x_wconf 89' lang='lat' dir='ltr'>Senecae,</span> <span class='ocrx_word' id='word_1_130' title='bbox 1204 2349 1295 2430; x_wconf 88' lang='lat' dir='ltr'>cujus</span> 
     </span>
     <span class='ocr_line' id='line_1_18' title="bbox 162 2463 1368 2550; baseline 0.001 -20"><span class='ocrx_word' id='word_1_131' title='bbox 162 2466 306 2531; x_wconf 91' lang='lat' dir='ltr'>amicitia</span> <span class='ocrx_word' id='word_1_132' title='bbox 328 2463 467 2528; x_wconf 82' lang='lat' dir='ltr'>floruit.“</span> <span class='ocrx_word' id='word_1_133' title='bbox 516 2464 569 2547; x_wconf 86' lang='lat' dir='ltr'>(cf.</span> <span class='ocrx_word' id='word_1_134' title='bbox 592 2465 792 2547; x_wconf 90' lang='lat' dir='ltr'>Nipperdeyi</span> <span class='ocrx_word' id='word_1_135' title='bbox 815 2467 849 2530; x_wconf 92' lang='lat' dir='ltr'>in</span> <span class='ocrx_word' id='word_1_136' title='bbox 872 2466 1021 2531; x_wconf 88' lang='lat' dir='ltr'>Tacitum</span> <span class='ocrx_word' id='word_1_137' title='bbox 1042 2465 1146 2548; x_wconf 81' lang='lat' dir='ltr'>praei.</span> <span class='ocrx_word' id='word_1_138' title='bbox 1169 2485 1202 2547; x_wconf 87' lang='lat' dir='ltr'>p.</span> <span class='ocrx_word' id='word_1_139' title='bbox 1226 2466 1294 2550; x_wconf 84' lang='lat'><strong>20.)</strong></span> <span class='ocrx_word' id='word_1_140' title='bbox 1360 2504 1368 2511; x_wconf 94' lang='lat'>-</span> 
     </span>
    </p>

    <p class='ocr_par' dir='ltr' id='par_1_5' title="bbox 162 2583 1296 2907">
     <span class='ocr_line' id='line_1_19' title="bbox 246 2583 1296 2667; baseline 0.002 -20"><span class='ocrx_word' id='word_1_141' title='bbox 246 2583 387 2648; x_wconf 89' lang='lat' dir='ltr'>Plinium</span> <span class='ocrx_word' id='word_1_142' title='bbox 410 2584 550 2666; x_wconf 90' lang='lat' dir='ltr'>denique</span> <span class='ocrx_word' id='word_1_143' title='bbox 572 2585 708 2650; x_wconf 87' lang='lat' dir='ltr'>tertium</span> <span class='ocrx_word' id='word_1_144' title='bbox 729 2583 862 2663; x_wconf 84' lang='lat' dir='ltr'>iontem,</span> <span class='ocrx_word' id='word_1_145' title='bbox 887 2603 950 2666; x_wconf 91' lang='lat' dir='ltr'>quo</span> <span class='ocrx_word' id='word_1_146' title='bbox 972 2585 1122 2667; x_wconf 85' lang='lat' dir='ltr'>inprimis</span> <span class='ocrx_word' id='word_1_147' title='bbox 1143 2604 1222 2650; x_wconf 88' lang='lat' dir='ltr'>usus</span> <span class='ocrx_word' id='word_1_148' title='bbox 1245 2590 1296 2650; x_wconf 91' lang='lat' dir='ltr'>est</span> 
     </span>
     <span class='ocr_line' id='line_1_20' title="bbox 162 2702 1296 2785; baseline -0.001 -17"><span class='ocrx_word' id='word_1_149' title='bbox 162 2702 294 2769; x_wconf 85' lang='lat' dir='ltr'>Tacitus</span> <span class='ocrx_word' id='word_1_150' title='bbox 316 2722 420 2784; x_wconf 86' lang='lat' dir='ltr'>nugas</span> <span class='ocrx_word' id='word_1_151' title='bbox 449 2709 482 2768; x_wconf 90' lang='lat' dir='ltr'>et</span> <span class='ocrx_word' id='word_1_152' title='bbox 497 2703 772 2769; x_wconf 70' lang='lat' dir='ltr'>‘narratiunculas</span> <span class='ocrx_word' id='word_1_153' title='bbox 802 2703 1010 2785; x_wconf 85' lang='lat' dir='ltr'>colligentem</span> <span class='ocrx_word' id='word_1_154' title='bbox 1032 2704 1072 2769; x_wconf 87' lang='lat' dir='ltr'>ab</span> <span class='ocrx_word' id='word_1_155' title='bbox 1095 2704 1224 2768; x_wconf 90' lang='lat' dir='ltr'>Nerone</span> <span class='ocrx_word' id='word_1_156' title='bbox 1247 2704 1296 2767; x_wconf 91' lang='lat' dir='ltr'>in·</span> 
     </span>
     <span class='ocr_line' id='line_1_21' title="bbox 164 2821 911 2907; baseline -0.001 -20"><span class='ocrx_word' id='word_1_157' title='bbox 164 2822 289 2902; x_wconf 90' lang='lat' dir='ltr'>cepisse</span> <span class='ocrx_word' id='word_1_158' title='bbox 310 2825 406 2902; x_wconf 89' lang='lat' dir='ltr'>putat</span> <span class='ocrx_word' id='word_1_159' title='bbox 427 2822 663 2904; x_wconf 89' lang='lat' dir='ltr'>Nipperdeyus.</span> <span class='ocrx_word' id='word_1_160' title='bbox 689 2821 724 2904; x_wconf 87' lang='lat' dir='ltr'>(l.</span> <span class='ocrx_word' id='word_1_161' title='bbox 746 2822 768 2885; x_wconf 92' lang='grc'>1.</span> <span class='ocrx_word' id='word_1_162' title='bbox 788 2841 820 2904; x_wconf 82' lang='lat' dir='ltr'>p.</span> <span class='ocrx_word' id='word_1_163' title='bbox 844 2824 911 2907; x_wconf 81' lang='grc'>21.)</span> 
     </span>
    </p>

    <p class='ocr_par' dir='ltr' id='par_1_6' title="bbox 164 2938 1295 3143">
     <span class='ocr_line' id='line_1_22' title="bbox 248 2938 1295 3022; baseline 0 -17"><span class='ocrx_word' id='word_1_164' title='bbox 248 2940 354 3005; x_wconf 86' lang='lat' dir='ltr'>Taciti</span> <span class='ocrx_word' id='word_1_165' title='bbox 376 2939 477 3022; x_wconf 88' lang='lat' dir='ltr'>igitur</span> <span class='ocrx_word' id='word_1_166' title='bbox 497 2938 606 3005; x_wconf 82' lang='lat' dir='ltr'>fontes</span> <span class='ocrx_word' id='word_1_167' title='bbox 628 2939 667 3004; x_wconf 90' lang='lat' dir='ltr'>de</span> <span class='ocrx_word' id='word_1_168' title='bbox 692 2938 815 3005; x_wconf 88' lang='lat' dir='ltr'>Seneca</span> <span class='ocrx_word' id='word_1_169' title='bbox 838 2938 1017 3005; x_wconf 83' lang='lat' dir='ltr'>referentes</span> <span class='ocrx_word' id='word_1_170' title='bbox 1041 2941 1182 3021; x_wconf 88' lang='lat' dir='ltr'>optimos</span> <span class='ocrx_word' id='word_1_171' title='bbox 1204 2942 1295 3007; x_wconf 92' lang='lat' dir='ltr'>nullo</span> 
     </span>
     <span class='ocr_line' id='line_1_23' title="bbox 164 3057 1295 3143; baseline 0.001 -19"><span class='ocrx_word' id='word_1_172' title='bbox 164 3060 259 3125; x_wconf 94' lang='lat' dir='ltr'>modo</span> <span class='ocrx_word' id='word_1_173' title='bbox 293 3057 395 3123; x_wconf 84' lang='lat' dir='ltr'>fuisse</span> <span class='ocrx_word' id='word_1_174' title='bbox 429 3057 586 3122; x_wconf 89' lang='lat' dir='ltr'>videmus.</span> <span class='ocrx_word' id='word_1_175' title='bbox 632 3058 851 3135; x_wconf 82' lang='lat' dir='ltr'>Quamobrem</span> <span class='ocrx_word' id='word_1_176' title='bbox 884 3059 1023 3124; x_wconf 89' lang='lat' dir='ltr'>Dionem</span> <span class='ocrx_word' id='word_1_177' title='bbox 1053 3078 1295 3143; x_wconf 91' lang='lat' dir='ltr'>nonnumquam</span> 
     </span>
    </p>
   </div>
   <div class='ocr_carea' id='block_1_3' title="bbox 65 3173 1372 3261">
    <p class='ocr_par' dir='ltr' id='par_1_7' title="bbox 65 3173 1372 3261">
     <span class='ocr_line' id='line_1_24' title="bbox 65 3173 1372 3261; baseline 0.003 -21"><span class='ocrx_word' id='word_1_178' title='bbox 65 3237 71 3249; x_wconf 83' lang='lat'>,</span> <span class='ocrx_word' id='word_1_179' title='bbox 164 3178 261 3242; x_wconf 91' lang='lat' dir='ltr'>aliter</span> <span class='ocrx_word' id='word_1_180' title='bbox 294 3177 334 3242; x_wconf 92' lang='lat' dir='ltr'>de</span> <span class='ocrx_word' id='word_1_181' title='bbox 368 3176 491 3243; x_wconf 87' lang='lat' dir='ltr'>Seneca</span> <span class='ocrx_word' id='word_1_182' title='bbox 519 3176 721 3257; x_wconf 87' lang='lat' dir='ltr'>jndicantem</span> <span class='ocrx_word' id='word_1_183' title='bbox 752 3196 812 3243; x_wconf 91' lang='lat' dir='ltr'>nec</span> <span class='ocrx_word' id='word_1_184' title='bbox 833 3179 1021 3259; x_wconf 88' lang='lat' dir='ltr'>vituperare</span> <span class='ocrx_word' id='word_1_185' title='bbox 1048 3197 1108 3244; x_wconf 90' lang='lat' dir='ltr'>nec</span> <span class='ocrx_word' id='word_1_186' title='bbox 1129 3180 1296 3261; x_wconf 86' lang='lat' dir='ltr'>negligere</span> <span class='ocrx_word' id='word_1_187' title='bbox 1366 3173 1372 3181; x_wconf 76' lang='grc'><strong>’</strong></span> 
     </span>
    </p>
   </div>
   <div class='ocr_carea' id='block_1_4' title="bbox 164 3295 1296 3852">
    <p class='ocr_par' dir='ltr' id='par_1_8' title="bbox 164 3295 1296 3852">
     <span class='ocr_line' id='line_1_25' title="bbox 165 3295 1296 3378; baseline 0.001 -17"><span class='ocrx_word' id='word_1_188' title='bbox 165 3298 329 3362; x_wconf 84' lang='lat' dir='ltr'>debemus</span> <span class='ocrx_word' id='word_1_189' title='bbox 373 3295 573 3377; x_wconf 90' lang='lat' dir='ltr'>Magnopere</span> <span class='ocrx_word' id='word_1_190' title='bbox 597 3295 778 3375; x_wconf 51' lang='lat' dir='ltr'>dolendum,</span> <span class='ocrx_word' id='word_1_191' title='bbox 794 3301 854 3374; x_wconf 88' lang='lat' dir='ltr'>est,</span> <span class='ocrx_word' id='word_1_192' title='bbox 878 3297 966 3378; x_wconf 94' lang='lat' dir='ltr'>quod</span> <span class='ocrx_word' id='word_1_193' title='bbox 987 3297 1118 3377; x_wconf 89' lang='lat' dir='ltr'>Dionis,</span> <span class='ocrx_word' id='word_1_194' title='bbox 1151 3298 1296 3378; x_wconf 89' lang='lat' dir='ltr'>ingenio-</span> 
     </span>
     <span class='ocr_line' id='line_1_26' title="bbox 165 3412 1069 3500; baseline -0.002 -20"><span class='ocrx_word' id='word_1_195' title='bbox 165 3414 287 3480; x_wconf 89' lang='lat' dir='ltr'>sissimi</span> <span class='ocrx_word' id='word_1_196' title='bbox 311 3413 481 3493; x_wconf 88' lang='lat' dir='ltr'>scriptoris</span> <span class='ocrx_word' id='word_1_197' title='bbox 504 3412 613 3478; x_wconf 89' lang='lat' dir='ltr'>fontes</span> <span class='ocrx_word' id='word_1_198' title='bbox 636 3414 779 3478; x_wconf 93' lang='lat' dir='ltr'>nondum</span> <span class='ocrx_word' id='word_1_199' title='bbox 803 3415 925 3496; x_wconf 91' lang='lat' dir='ltr'>cogniti</span> <span class='ocrx_word' id='word_1_200' title='bbox 949 3414 1069 3500; x_wconf 86' lang='lat' dir='ltr'>suut³).</span> 
     </span>
     <span class='ocr_line' id='line_1_27' title="bbox 250 3531 1294 3627; baseline 0.001 -30"><span class='ocrx_word' id='word_1_201' title='bbox 250 3531 478 3627; x_wconf 80' lang='lat' dir='ltr'>Septemdecim</span> <span class='ocrx_word' id='word_1_202' title='bbox 515 3550 617 3596; x_wconf 88' lang='lat' dir='ltr'>annos</span> <span class='ocrx_word' id='word_1_203' title='bbox 647 3535 743 3596; x_wconf 87' lang='lat' dir='ltr'>natus</span> <span class='ocrx_word' id='word_1_204' title='bbox 771 3533 857 3596; x_wconf 89' lang='lat' dir='ltr'>Nero</span> <span class='ocrx_word' id='word_1_205' title='bbox 886 3533 1066 3612; x_wconf 90' lang='lat' dir='ltr'>imperator</span> <span class='ocrx_word' id='word_1_206' title='bbox 1095 3532 1201 3598; x_wconf 85' lang='lat' dir='ltr'>iactus</span> <span class='ocrx_word' id='word_1_207' title='bbox 1229 3539 1294 3612; x_wconf 90' lang='lat' dir='ltr'>est;</span> 
     </span>
     <span class='ocr_line' id='line_1_28' title="bbox 164 3649 1296 3734; baseline 0.002 -19"><span class='ocrx_word' id='word_1_208' title='bbox 164 3652 329 3734; x_wconf 91' lang='lat' dir='ltr'>ingenium</span> <span class='ocrx_word' id='word_1_209' title='bbox 351 3651 421 3732; x_wconf 88' lang='lat' dir='ltr'>ejus</span> <span class='ocrx_word' id='word_1_210' title='bbox 441 3650 620 3714; x_wconf 88' lang='lat' dir='ltr'>adveneris</span> <span class='ocrx_word' id='word_1_211' title='bbox 636 3649 771 3714; x_wconf 90' lang='lat' dir='ltr'>delicias</span> <span class='ocrx_word' id='word_1_212' title='bbox 791 3650 945 3729; x_wconf 86' lang='lat' dir='ltr'>proclive,</span> <span class='ocrx_word' id='word_1_213' title='bbox 969 3651 1045 3732; x_wconf 87' lang='lat' dir='ltr'>quia</span> <span class='ocrx_word' id='word_1_214' title='bbox 1067 3668 1216 3717; x_wconf 90' lang='lat' dir='ltr'>coercere</span> <span class='ocrx_word' id='word_1_215' title='bbox 1240 3657 1296 3717; x_wconf 85' lang='lat' dir='ltr'>aut</span> 
     </span>
     <span class='ocr_line' id='line_1_29' title="bbox 164 3767 1296 3852; baseline 0.002 -17"><span class='ocrx_word' id='word_1_216' title='bbox 164 3789 229 3835; x_wconf 93' lang='lat' dir='ltr'>non</span> <span class='ocrx_word' id='word_1_217' title='bbox 250 3773 428 3850; x_wconf 91' lang='lat' dir='ltr'>potuerunt</span> <span class='ocrx_word' id='word_1_218' title='bbox 451 3772 507 3833; x_wconf 88' lang='lat' dir='ltr'>aut</span> <span class='ocrx_word' id='word_1_219' title='bbox 529 3768 704 3833; x_wconf 85' lang='lat' dir='ltr'>noluerunt</span> <span class='ocrx_word' id='word_1_220' title='bbox 719 3767 912 3834; x_wconf 85' lang='lat' dir='ltr'>educatores</span> <span class='ocrx_word' id='word_1_221' title='bbox 936 3770 1014 3852; x_wconf 84' lang='lat' dir='ltr'>(qua</span> <span class='ocrx_word' id='word_1_222' title='bbox 1037 3789 1116 3836; x_wconf 88' lang='lat' dir='ltr'>voce</span> <span class='ocrx_word' id='word_1_223' title='bbox 1140 3771 1296 3838; x_wconf 87' lang='lat' dir='ltr'>Senecam</span> 
     </span>
    </p>
   </div>
   <div class='ocr_carea' id='block_1_5' title="bbox 206 4068 1297 4332">
    <p class='ocr_par' dir='ltr' id='par_1_9' title="bbox 206 4068 1297 4332">
     <span class='ocr_line' id='line_1_30' title="bbox 206 4068 1296 4144; baseline -0.002 -17"><span class='ocrx_word' id='word_1_224' title='bbox 206 4073 233 4142; x_wconf 83' lang='lat'>3)</span> <span class='ocrx_word' id='word_1_225' title='bbox 251 4071 464 4128; x_wconf 86' lang='lat' dir='ltr'>Wiedemannus</span> <span class='ocrx_word' id='word_1_226' title='bbox 487 4071 515 4125; x_wconf 94' lang='lat' dir='ltr'>in</span> <span class='ocrx_word' id='word_1_227' title='bbox 533 4068 722 4122; x_wconf 84' lang='lat' dir='ltr'>dissertatione</span> <span class='ocrx_word' id='word_1_228' title='bbox 744 4071 822 4140; x_wconf 89' lang='lat' dir='ltr'>cujus</span> <span class='ocrx_word' id='word_1_229' title='bbox 846 4073 940 4127; x_wconf 87' lang='lat' dir='ltr'>titulus</span> <span class='ocrx_word' id='word_1_230' title='bbox 962 4079 1020 4129; x_wconf 87' lang='lat' dir='ltr'>est:</span> <span class='ocrx_word' id='word_1_231' title='bbox 1051 4075 1111 4144; x_wconf 80' lang='lat' dir='ltr'>„De</span> <span class='ocrx_word' id='word_1_232' title='bbox 1129 4072 1216 4126; x_wconf 86' lang='lat' dir='ltr'>Taciti</span> <span class='ocrx_word' id='word_1_233' title='bbox 1234 4071 1296 4125; x_wconf 91' lang='lat' dir='ltr'>Plu-</span> 
     </span>
     <span class='ocr_line' id='line_1_31' title="bbox 250 4169 1297 4230; baseline 0.002 -2"><span class='ocrx_word' id='word_1_234' title='bbox 250 4173 335 4228; x_wconf 85' lang='lat' dir='ltr'>tarobi</span> <span class='ocrx_word' id='word_1_235' title='bbox 355 4172 481 4227; x_wconf 77' lang='lat' dir='ltr'>Suetonio</span> <span class='ocrx_word' id='word_1_236' title='bbox 499 4171 595 4226; x_wconf 87' lang='lat' dir='ltr'>Dionis</span> <span class='ocrx_word' id='word_1_237' title='bbox 613 4169 700 4226; x_wconf 80' lang='lat' dir='ltr'>Cassii</span> <span class='ocrx_word' id='word_1_238' title='bbox 718 4170 845 4229; x_wconf 88' lang='lat' dir='ltr'>fontibus.</span> <span class='ocrx_word' id='word_1_239' title='bbox 871 4175 968 4230; x_wconf 79' lang='lat' dir='ltr'>Berol.</span> <span class='ocrx_word' id='word_1_240' title='bbox 989 4176 1063 4229; x_wconf 78' lang='lat'>1857.</span> <span class='ocrx_word' id='word_1_241' title='bbox 1088 4173 1154 4229; x_wconf 90' lang='lat' dir='ltr'>nihil</span> <span class='ocrx_word' id='word_1_242' title='bbox 1180 4174 1215 4228; x_wconf 89' lang='lat' dir='ltr'>de</span> <span class='ocrx_word' id='word_1_243' title='bbox 1233 4175 1297 4230; x_wconf 92' lang='lat' dir='ltr'>Dio-</span> 
     </span>
     <span class='ocr_line' id='line_1_32' title="bbox 250 4275 536 4332; baseline -0.014 0"><span class='ocrx_word' id='word_1_244' title='bbox 250 4277 292 4332; x_wconf 88' lang='lat' dir='ltr'>nis</span> <span class='ocrx_word' id='word_1_245' title='bbox 310 4275 431 4332; x_wconf 85' lang='lat' dir='ltr'>fontibus</span> <span class='ocrx_word' id='word_1_246' title='bbox 448 4276 536 4330; x_wconf 84' lang='lat' dir='ltr'>dicit.“</span> 
     </span>
    </p>
   </div>
   <div class='ocr_carea' id='block_1_6' title="bbox 0 0 1512 4926">
    <p class='ocr_par' dir='ltr' id='par_1_10' title="bbox 0 0 1512 4926">
     <span class='ocr_line' id='line_1_33' title="bbox 0 0 1512 4926; baseline 0 0"><span class='ocrx_word' id='word_1_247' title='bbox 0 0 1512 4926; x_wconf 95' lang='lat' dir='ltr'> </span> 
     </span>
    </p>
   </div>
  </div>
 </body>
</html>
