2992 4926
366 1087 622 1191 Epistularum
647 1085 842 1167 moralium
867 1081 972 1163 libri.
999 1081 1115 1183 XX.⁹)

264 1513 392 1592 Totum,
414 1509 502 1594 quod
525 1509 630 1574 adhuc
652 1511 775 1587 exstat,
804 1507 1018 1589 epistularum
1046 1509 1217 1574 moralium
1239 1528 1309 1575 cor·

178 1652 240 1716 pus
262 1630 445 1715 perlegenti
472 1629 613 1710 primum
644 1627 757 1692 statim
789 1631 928 1708 apparet
955 1626 1014 1691 has
1051 1627 1248 1708 ,epistulas“
1273 1645 1309 1692 re

179 1771 257 1818 vera
278 1750 381 1816 fuisse
402 1748 533 1814 litteras
555 1766 575 1812 a
598 1745 722 1812 Seneca
741 1745 864 1811 Romae
893 1750 950 1811 aut
970 1764 1045 1810 rure
1067 1747 1169 1812 vitam
1192 1755 1310 1830 agente

180 1871 222 1936 ad
243 1869 404 1936 Lucilium
427 1866 559 1932 Siciliae
581 1866 722 1948 primum
744 1869 1011 1946 procuratorem,
1044 1865 1161 1931 deinde
1194 1867 1227 1932 in
1249 1867 1311 1934 hac

178 1990 287 2055 insula
308 1987 459 2066 incolam,
483 1986 611 2051 missas.
658 1984 856 2081 Saepissime
880 1983 1004 2049 Seneca
1026 1984 1066 2048 de
1089 1985 1241 2066 epistulis
1263 1988 1311 2052 lo-

181 2127 285 2192 quens
309 2106 352 2171 ad
374 2105 487 2170 eadem
512 2105 636 2186 scripta
658 2123 730 2169 sese
752 2102 874 2183 refert,
909 2121 992 2184 quae
1025 2122 1086 2168 nos
1114 2123 1243 2187 quoque
1266 2106 1312 2171 sic

180 2226 395 2307 appellamus
420 2242 519 2305 saepe
541 2242 576 2289 se
599 2225 641 2289 ad
663 2224 769 2290 Lucili
792 2242 865 2305 epp.
888 2241 1120 2303 responsurum
1144 2242 1217 2289 esse
1239 2244 1313 2289 nar·

179 2350 246 2424 rat;
280 2361 520 2426 nonnumquam
552 2342 665 2407 eodem
696 2343 818 2423 scripto
851 2345 885 2406 et
912 2340 954 2406 ad
978 2361 1054 2408 suas
1078 2347 1111 2407 et
1134 2342 1176 2407 ad
1196 2343 1311 2423 Lucili,

183 2464 299 2546 quibus
322 2461 515 2545 respondet,
544 2461 673 2527 litteras
703 2478 776 2526 sese
804 2458 956 2525 referens,
980 2461 1020 2525 de
1051 2460 1239 2542 ,epistulis“
1265 2462 1313 2526 lo-

179 2582 299 2664 quitur.

265 2698 392 2765 Deinde
426 2703 585 2780 apparet,
627 2699 756 2780 priores
789 2698 906 2780 viginti
939 2717 1055 2764 novem
1089 2718 1161 2781 epp.
1196 2698 1312 2782 (libros

180 2818 315 2901 l-Hl.)
340 2836 360 2882 a
382 2818 620 2899 posterioribus
642 2818 819 2899 nonaginta
842 2817 984 2899 quinque
1007 2836 1046 2882 eo
1062 2818 1209 2883 diversas
1231 2838 1314 2900 esse,

184 2938 270 3020 quod
292 2936 420 3019 priores
442 2936 574 3018 parvis,
608 2936 810 3018 posteriores
843 2936 970 3017 magnis
1005 2955 1104 3019 saepe
1132 2937 1315 3005 intervallis

182 3057 327 3138 scriptae
360 3060 446 3121 sunt.
492 3055 530 3119 In
561 3054 727 3136 prioribus
749 3054 865 3136 viginti
898 3073 1014 3121 norem
1049 3075 1122 3139 epp.
1153 3056 1313 3140 (exceptis

185 3180 219 3255 13
243 3181 277 3254 33
302 3177 335 3260 9)
362 3175 533 3248 „diurnam
565 3173 784 3239 mercedulam
808 3173 851 3256 (6,
877 3175 909 3258 7)
943 3176 1168 3241 munusculum
1191 3176 1258 3260 (10,
1282 3179 1314 3262 5)

181 3295 364 3376 portorium
388 3293 462 3376 (28,
497 3293 549 3376 9)“
576 3312 595 3358 a
617 3293 742 3358 Lucilio
776 3293 882 3373 petita
913 3297 947 3358 et
970 3293 1105 3373 ,debet“
1131 3293 1255 3360 Seneca
1284 3300 1318 3360 et

184 3412 292 3478 solvit.
345 3412 425 3477 Inde
460 3413 569 3478 subito
603 3411 709 3476 nullas
746 3429 910 3492 ,merces
943 3412 1065 3494 stipes“
1101 3418 1177 3479 cett.
1213 3413 1315 3479 addit.

229 3749 255 3816 9)
275 3748 379 3804 Gellius
397 3747 430 3805 N.
440 3747 475 3802 Α.
494 3747 558 3802 Xll.
576 3750 601 3803 2.
618 3750 644 3804 3.
662 3749 751 3803 locum
770 3764 804 3802 ex
822 3749 891 3804 libro
909 3749 1038 3804 vicesimo
1057 3749 1178 3805 secundo
1197 3754 1318 3806 Senecae

272 3851 448 3919 epistularum
466 3851 608 3905 moralium
627 3867 712 3921 ,quas
730 3851 766 3904 ad
779 3851 911 3905 Lucilium
930 3853 1098 3921 composuit“
1116 3853 1218 3908 laudat.
1245 3854 1319 3909 Libri

270 3952 369 4022 viginti
387 3968 456 4022 quos
474 3968 546 4007 nuno
563 3952 695 4011 habemus
714 3952 765 4007 124
787 3953 926 4009 continent
950 3955 1095 4025 epistulas,
1121 3956 1145 4010 si
1169 3956 1232 4011 libri
1257 3956 1320 4024 duo,

271 4054 318 4124 qui
335 4055 506 4110 conservati
524 4060 588 4110 sunt
604 4054 700 4111 eadem
718 4054 822 4108 ratione
840 4054 950 4110 fuerunt
966 4061 1049 4126 atque
1067 4057 1273 4128 antecedentes,
1291 4063 1321 4114 at

269 4156 414 4212 vicesimus
432 4157 501 4211 alter
517 4157 626 4217 ultimus
646 4156 742 4210 harum
761 4171 824 4227 epp.
840 4157 910 4213 liber
927 4157 996 4227 fuit,
1014 4164 1122 4214 centum
1139 4160 1252 4229 triginta
1270 4176 1320 4216 sex

271 4273 359 4328 usque
376 4257 413 4313 ad
430 4263 534 4328 septem
552 4258 660 4314 omuino
679 4257 810 4330 epistulas
827 4260 944 4315 morales
964 4260 1085 4317 Senecae
1105 4261 1189 4317 fuisse
1208 4263 1320 4321 conicio.

1094 4371 1115 4437 4
1187 4456 1190 4463 .
