2992 4926
732 347 773 422 57

181 575 344 641 volumine
375 562 593 657 epistularum
623 592 643 639 a
674 574 799 641 Seneca
831 594 909 642 sene
943 575 1138 659 scriptarum
1168 576 1312 657 positam

182 695 363 760 invenimus
385 695 515 774 nescio;
542 694 676 760 ultimis
696 699 806 760 autem
834 694 975 761 Senecae
1006 695 1098 762 aunis
1122 712 1194 760 eam
1218 694 1313 759 attri-

182 811 343 878 buendam
367 831 439 879 esse
460 815 534 896 jure
556 833 628 880 mco
649 832 788 896 negasse
810 819 901 895 puto.

264 932 398 997 Falsum
440 933 557 998 deinde
599 934 746 1000 ordinem
787 939 943 1016 quattuor
984 933 1199 1014 epistularum
1240 948 1313 997 esse

179 1055 270 1130 puto.

592 1176 643 1236 74.
668 1174 718 1236 76.
745 1173 903 1236 118.120.

270 1289 389 1370 Agitur
399 1289 548 1372 quaestio
572 1289 606 1354 in
627 1289 734 1370 prima
746 1289 890 1371 epistula
912 1294 952 1354 74
974 1285 1181 1369 paragrapho
1204 1290 1313 1351 utrum

180 1408 300 1473 bonum
323 1408 382 1487 sit,
406 1408 492 1490 quod
514 1407 697 1474 honestum.
743 1409 814 1473 Hoc
841 1425 980 1489 negasse
1008 1407 1138 1471 videtur
1168 1405 1313 1470 Lucilius

181 1525 329 1608 (,‚quidni
352 1530 398 1605 tu,
422 1526 467 1590 mi
487 1527 609 1607 Lucili,
640 1528 814 1592 maximum
841 1532 939 1608 putas
961 1527 1215 1592 instrumentum
1236 1525 1313 1590 bea·

180 1649 235 1709 tac
248 1646 335 1710 vitae
347 1644 431 1709 hanc
442 1647 689 1727 persuasionem
699 1664 798 1710 unum
811 1647 932 1712 bonum
945 1662 1017 1710 esse
1030 1644 1116 1726 quod
1139 1643 1313 1709 honestum
1436 1632 1440 1639 ’

181 1767 261 1828 cst.“
288 1768 321 1828 et
343 1763 372 1846 §-
395 1768 446 1828 22.
474 1764 573 1838 „nihil
595 1766 711 1847 agitis,
743 1765 829 1848 quod
851 1764 981 1846 negatis
1003 1762 1105 1827 ullum
1128 1780 1201 1828 csse
1223 1762 1313 1827 aliud

181 1883 318 1948 honesto
335 1882 472 1962 bonum3
495 1901 561 1948 non
582 1882 681 1948 faciet
695 1884 845 1950 voshaec
867 1882 1006 1947 munitio
1029 1887 1117 1947 tutos
1141 1901 1161 1946 a
1183 1880 1314 1945 fortuna

183 2006 216 2066 et
237 2001 444 2087 immunem.)
481 2003 541 2067 His
564 2003 661 2067 amici
685 2002 945 2068 dubitationibus
968 2000 1146 2081 respondet
1167 1999 1312 2081 philoso-

54 2141 60 2147 ’
181 2119 267 2200 phus
296 2118 360 2184 fine
392 2120 574 2201 epistulae,
609 2121 651 2186 ad
683 2141 779 2205 quam
813 2139 892 2186 voce
922 2120 1046 2201 „priori
1079 2118 1244 2200 epistula“
1278 2118 1313 2182 in

181 2238 323 2319 epistula
345 2242 385 2303 76
407 2239 450 2322 (ξ.
476 2240 520 2323 7.)
545 2256 617 2305 sese
641 2220 802 2320 roseam

264 2356 405 2423 Miratus
428 2375 499 2422 sum
524 2376 596 2422 cum
618 2360 759 2440 primum
780 2360 840 2425 has
864 2358 1023 2441 epistulas
1046 2357 1190 2439 legeram
1214 2355 1313 2422 Sene·

181 2495 252 2541 cam
275 2477 443 2541 notionem
464 2495 579 2542 vocum
603 2477 743 2557 „bonum
765 2483 800 2555 et
822 2479 1015 2543 honestum“
1039 2495 1104 2541 non
1116 2474 1312 2554 definivisse,

183 2600 216 2660 et
239 2596 400 2676 epistulae
424 2602 465 2660 74
487 2596 616 2661 initium
640 2597 804 2679 „epistula
825 2603 884 2663 tua
899 2595 1074 2661 delectavit
1095 2612 1148 2658 me
1171 2599 1205 2659 ct
1226 2612 1313 2658 mar·

182 2723 308 2779 centem
332 2714 487 2779 excitavit
509 2717 737 2781 memoriam
753 2734 882 2799 quoquc
904 2732 1020 2793 meam,
1044 2730 1128 2796 quae
1147 2712 1217 2794 jam
1232 2712 1313 2776 mihi

182 2834 291 2914 segnis
313 2851 351 2898 ac
372 2833 463 2899 lenta
486 2838 538 2899 est
560 2835 789 2915 evocavit,“
822 2835 887 2899 alio
906 2834 976 2915 jam
997 2832 1069 2897 loco
1092 2831 1175 2896 hanc
1197 2848 1312 2913 quaes·

181 2952 305 3017 tionem
338 2951 416 3017 boni
449 2953 645 3035 honestique
676 2957 913 3035 pertractatam
946 2951 1048 3017 fuisse
1069 2950 1210 3032 prodere
1231 2950 1312 3015 mihi

181 3072 285 3135 visum
298 3076 360 3135 est.
390 3071 443 3150 Et,
466 3072 500 3135 ni
516 3090 713 3153 magnopere
735 3071 842 3151 fallor,
866 3089 940 3137 cum
962 3070 1070 3135 locum
1086 3070 1312 3134 demonstrare

180 3189 371 3269 poterimus.
418 3189 459 3255 Se
482 3191 523 3255 dc
543 3209 580 3256 re
606 3191 738 3272 publica
764 3191 845 3256 nihil
868 3191 1066 3271 scripturum
1088 3189 1147 3254 sed
1170 3189 1210 3253 dc
1233 3189 1312 3253 solis

182 3307 280 3373 rebus
302 3307 539 3388 philosophicis
562 3314 710 3374 acturum
733 3328 805 3375 osse
823 3309 946 3374 Seneca
966 3309 1061 3391 epist.
1089 3313 1149 3373 118
1170 3305 1313 3371 affirma·

184 3427 232 3492 vit
254 3426 296 3510 (ξ.
321 3426 364 3510 7).

270 3545 434 3625 „Omnes“
461 3546 568 3629 inquit
601 3552 733 3627 „autem
765 3547 851 3612 male
884 3544 985 3610 habet
1015 3544 1203 3626 ignorantia
1231 3543 1318 3608 veri.-

181 3655 349 3748 tamquam
383 3665 426 3729 ad
457 3667 543 3731 bona
577 3664 725 3730 feruntur
752 3665 881 3746 decepti
908 3663 1092 3729 rumoribus
1115 3683 1170 3742 —3
1194 3663 1312 3728 deinde

182 3785 268 3850 mala
305 3803 378 3849 esse
412 3789 469 3849 aut
491 3785 601 3848 inania
624 3789 681 3849 aut
703 3785 830 3849 minora
853 3802 950 3866 quom
973 3782 1177 3866 speraverint
1200 3782 1312 3863 adepti

179 4027 436 4034 .....———.———....
446 4027 502 4032 —...
517 4028 534 4033 .-

205 4190 248 4255 16)
266 4190 416 4258 Epistulam
436 4192 469 4246 75
495 4191 638 4245 falsissime
661 4191 790 4245 insertam
817 4206 878 4246 esso
907 4191 977 4245 inter
1003 4206 1064 4260 epp.
1083 4190 1116 4246 74
1134 4195 1162 4246 et
1180 4191 1213 4247 76
1230 4206 1310 4248 nemo

267 4297 316 4363 est,
335 4293 399 4364 quin
417 4293 518 4350 videat
545 4293 579 4349 ci.
596 4292 734 4348 Haasium.
753 4293 771 4348 1.
789 4293 807 4348 l.
1277 4295 1279 4298 ’
