3008 4942
728 334 775 414 60

186 565 360 646 peratorIa
389 564 461 630 loco
489 569 638 630 uteretur
666 565 781 631 harum
802 563 1017 647 epistularum
1038 563 1210 631 nonnussas
1232 582 1320 630 com·

184 682 335 764 posuisse
357 688 497 765 apparet
520 700 558 748 ex
581 683 731 764 epistulis
754 690 773 749 ‘l
797 688 831 748 et
852 689 882 750 8.

271 801 382 868 Etiam
403 802 438 866 in
458 799 522 867 fine
545 801 645 883 igItur
661 801 903 869 dissertationis
926 804 1023 887 huius
1041 820 1114 870 cum
1128 805 1318 870 Lehmanno

186 925 350 987 conamen
372 919 452 986 mihi
474 920 710 986 instituendum
733 926 794 1001 est,
818 940 857 987 ex
868 923 976 989 verbis
989 923 1085 1004 epIst.
1108 929 1139 990 8.
1169 927 1206 988 12
1224 922 1319 1008 (,Se·

187 1040 271 1106 cessi
293 1059 358 1106 non
381 1046 509 1106 tantum
542 1039 583 1105 ab
615 1040 818 1105 hominibus“
845 1041 931 1126 sqq.)
963 1041 1137 1124 colligente
1160 1041 1318 1109 Senecam

185 1157 367 1240 apublicis
391 1157 508 1225 officiis
530 1159 800 1225 administrandis
823 1178 858 1225 se
880 1162 1058 1228 recessisse
1079 1161 1318 1245 narrare(Phi·

188 1276 244 1342 lol.
266 1276 353 1342 VIII.
379 1277 466 1360 327).
511 1277 582 1343 Hoc
604 1276 768 1342 mordicus
790 1297 884 1361 nego.

270 1395 382 1461 Cuivis
405 1397 519 1463 statim
542 1400 683 1478 apparet
704 1394 861 1463 Senecam
883 1398 979 1479 epist.
1010 1403 1126 1464 octaua
1147 1398 1190 1462 ad
1210 1397 1318 1463 Lucili

81 1556 96 1581 .
186 1513 362 1596 epistulam
386 1516 548 1598 quandam
571 1518 779 1599 respondere,
803 1536 887 1600 quae
909 1517 952 1582 ad
975 1515 1118 1582 Senecae
1141 1515 1317 1598 epistulam

186 1633 361 1714 septimam
382 1633 597 1716 referebatur,
622 1653 661 1701 ex
684 1653 747 1718 quo
770 1633 909 1701 efficitur
930 1635 1078 1701 ordinem
1104 1635 1215 1717 epistt.
1240 1641 1259 1700 7
1282 1640 1317 1700 et

185 1756 206 1818 8
228 1753 396 1818 turbatum
419 1771 484 1819 non
506 1772 589 1819 esse.
634 1753 726 1820 Nunc
747 1755 856 1836 legas,
881 1771 1020 1836 quaeso,
1042 1754 1143 1820 verba
1165 1753 1260 1836 epist.
1285 1759 1316 1833 7,

189 1875 204 1934 1
232 1871 337 1949 ,Quid
365 1871 426 1938 tibi
454 1872 623 1937 vitandum
654 1873 830 1955 praecipue
860 1873 1042 1939 existimem
1071 1872 1217 1954 quaeris:
1248 1876 1317 1936 tur-

185 1987 284 2054 bam:
318 1991 461 2056 nondum
495 1991 544 2056 illi
570 1997 642 2057 tuto
666 1992 890 2058 committeris.
934 1992 1004 2073 Ego
1028 1995 1116 2056 certe
1139 1988 1318 2057 confitebor

187 2108 447 2175 imbecillitatem
468 2127 589 2189 meam;
622 2127 798 2192 numquam
831 2128 949 2190 mores,
985 2126 1066 2192 quos
1089 2109 1190 2175 extuli
1209 2107 1315 2174 refero

268 2226 310 2311 (ᾗ.
336 2229 369 2312 3)
394 2227 472 2310 quid
494 2245 545 2293 me
568 2228 737 2294 existimas
761 2228 891 2293 dicere?
922 2228 1053 2294 avarior
1074 2228 1188 2306 redeo,
1211 2226 1317 2293 ambi·

184 2346 321 2426 tlosior,
344 2346 561 2426 luxuriosior,
594 2347 693 2412 immo
724 2365 802 2413 vero
836 2347 999 2413 crudelior
1032 2351 1066 2413 et
1099 2345 1315 2425 inhumanior,

185 2466 263 2548 quia
295 2466 382 2531 inter
415 2466 562 2533 homines
590 2465 646 2532 fui.
693 2466 835 2532 (lesuin
858 2466 1072 2531 meridianum
1095 2466 1315 2548 spectaculum

185 2584 285 2651 incidi
307 2584 398 2651 lusus
421 2590 614 2667 exspectans
638 2602 665 2649 e.
689 2605 720 2668 q.
745 2604 770 2650 s.
795 2584 833 2651 cf.
858 2586 955 2668 epist.
991 2590 1022 2665 8,
1045 2589 1064 2650 6
1098 2603 1181 2664 ,non
1202 2584 1315 2650 videor

184 2703 246 2770 tibi
267 2704 341 2786 plus
375 2704 544 2786 prodesse,
568 2718 666 2787 quam
689 2721 761 2768 cum
784 2750 842 2769 ...
866 2705 901 2769 in
924 2709 1040 2770 senatu
1062 2703 1238 2770 candidato
1260 2722 1315 2768 vc·

186 2841 256 2889 cem
279 2827 313 2888 et
334 2841 466 2888 manum
489 2823 728 2888 commodarem
738 2823 772 2887 l«

269 2940 361 3007 Talia
385 2940 523 3021 Seneca,
551 2959 684 3006 munere
713 2960 772 3007 suo
802 2942 952 3023 deposito
975 2959 1128 3008 narrasse
1149 2942 1315 3025 putandus

183 3064 331 3138 nonest,
354 3058 677 3142 quamobremverba
698 3060 833 3126 laudata
857 3060 953 3142 epist.
977 3065 1006 3139 8,
1030 3064 1059 3140 2,
1082 3079 1147 3126 non
1158 3061 1314 3126 Senecam

185 3196 263 3245 are
284 3176 375 3260 publ.
398 3178 614 3258 nescessisse,
647 3180 705 3244 sed
728 3178 854 3261 magis,
887 3197 984 3260 quam
1016 3184 1114 3246 antea
1136 3198 1170 3246 se
1193 3181 1314 3246 litteris

184 3297 313 3364 dedisse
337 3294 521 3378 significare
543 3297 650 3362 credo.

271 3417 356 3483 Ante
380 3412 478 3480 finem
501 3417 577 3481 anni
600 3420 640 3481 62
664 3415 807 3497 scriptae
830 3434 903 3483 esse
922 3417 1044 3483 debent
1065 3417 1126 3481 hae
1143 3417 1314 3499 epistulae,

184 3536 263 3619 quia
293 3535 502 3618 paragrapho
535 3534 677 3616 septima
711 3535 807 3616 epist.
832 3540 851 3602 8
875 3535 999 3601 Seneca
1021 3536 1125 3602 amico
1149 3537 1315 3602 mercedu-

177 3655 252 3757 llam
273 3653 406 3733 debera,
429 3653 506 3736 quia
528 3654 559 3719 ei
584 3653 727 3736 „aliquid
748 3673 808 3736 pro
831 3655 893 3720 hac
908 3654 1050 3735 epistula
1065 3654 1313 3736 dependendum

183 3777 265 3852 est“,
288 3771 422 3854 Epicuri
443 3770 568 3836 Lucilio
593 3772 791 3837 sententIam
814 3773 977 3855 quandam
1005 3772 1115 3838 donat.
1161 3774 1254 3853 Quod
1277 3776 1315 3841 il·

183 3893 250 3958 lum
281 3906 347 3956 non
378 3888 442 3955 nisi
475 3888 509 3954 in
530 3889 695 3971 prioribus
718 3889 837 3972 viginti
860 3908 985 3972 novem,
1008 3889 1168 3957 Lucilio
1193 3895 1314 3958 ctiam

106 4060 114 4068 ,
183 4014 451 4093 procuratore
473 4007 494 4073 i.
511 4024 539 4074 e.
557 4013 633 4074 ante
656 4006 753 4075 finem
767 4010 843 4074 anni
866 4012 917 4091 62,
939 4009 1313 4093 iecissesuprademon-

184 4130 368 4195 stravimus.

268 4247 471 4334 Quamquam
484 4246 586 4333 igitur
600 4253 729 4331 tempus
750 4248 866 4314 harum
889 4248 1106 4335 epistularum
1123 4249 1222 4316 certis
1238 4249 1310 4316 fini-
