2992 4926
725 397 770 469 ol

640 491 843 500 ——a—....-

181 621 311 703 quidem
346 619 400 704 (de
424 620 537 686 Claud.
562 626 595 687 et
616 622 694 687 Nor.
717 642 748 704 p.
773 625 817 708 9.)
842 624 1010 706 conjungit
1043 624 1130 706 quod
1164 624 1318 707 Caligula

181 741 304 822 scripta
327 741 473 807 Cremuti
497 740 617 822 Cordi,
651 741 795 807 Marciae
817 744 943 825 patris,
982 761 1072 822 „esse
1106 744 1315 810 inmanibus

179 858 386 943 lectitarique
408 861 577 942 permisit‘
604 859 708 943 (Suet.
733 859 803 926 Cal.
821 864 884 946 16.)
914 868 948 927 et
969 861 1070 943 quod,
1094 881 1166 926 curn
1189 861 1316 928 Seneca

180 978 345 1061 dialogum
375 986 501 1045 sextum
525 980 713 1061 scripserit,
748 980 894 1046 Metilius
928 986 996 1046 tres
1031 1000 1135 1047 annos
1166 986 1315 1047 mortuus

178 1104 260 1178 erat,
284 1099 349 1180 ito,
379 1104 416 1165 ut
447 1098 531 1163 hunc
565 1099 730 1182 dialogum
753 1104 870 1181 quarto
894 1118 977 1165 anno
1001 1101 1118 1182 imperi
1142 1099 1315 1182 Caligulae

178 1221 235 1279 aut
268 1223 406 1299 propter
438 1218 533 1300 hujus
564 1217 774 1299 imperatoris
803 1219 837 1283 in
866 1218 1023 1284 Senecam
1046 1219 1203 1284 invidiam
1226 1219 1315 1285 inter

179 1334 295 1401 Claudi
322 1337 440 1418 imperi
470 1336 601 1402 initium
623 1342 657 1402 et
680 1336 823 1403 Senecae
846 1338 976 1402 exilium
1000 1339 1214 1419 compositum
1238 1357 1313 1403 esse

179 1455 365 1520 contendat.
411 1454 501 1533 Quae
525 1474 578 1520 res
601 1456 808 1521 nullomodo
833 1457 984 1538 conjungi
1006 1462 1155 1537 possunt.

261 1573 357 1654 Apud
386 1574 543 1640 Senecam
575 1575 662 1640 enim
691 1575 927 1640 sententiarum
961 1593 1123 1640 connexus
1158 1574 1210 1640 hio
1245 1580 1311 1655 est3

68 1671 71 1677 ’
177 1696 211 1754 et
242 1692 275 1755 in
310 1697 415 1758 morte
447 1695 553 1774 patris
584 1695 716 1776 scriptis
751 1694 821 1776 ejus
851 1695 990 1759 servatis
1012 1699 1045 1758 et
1068 1694 1101 1757 in
1124 1691 1311 1773 montelli,

178 1810 233 1890 qui
257 1818 332 1877 ante
355 1818 423 1877 tres
446 1832 548 1878 annos
572 1818 719 1878 mortuus
743 1817 794 1878 est
809 1812 928 1879 fortem
951 1818 985 1877 te
1000 1813 1192 1893 praebuisti.
1225 1810 1312 1889 Quo-

177 1930 273 1993 modo
298 1931 370 2011 quis
394 1949 433 1995 ex
455 1931 524 2012 his,
548 1933 671 2013 scripta
691 1932 797 2013 patris
820 1932 934 1997 eodem
957 1930 1024 1997 fere
1047 1937 1194 2012 tempore
1217 1930 1311 1995 lecti-

176 2049 240 2112 tari
263 2050 424 2128 permissa
448 2068 531 2131 esse,
555 2070 618 2132 quo
633 2050 779 2116 Metilius
802 2055 949 2115 mortuus
972 2050 1033 2130 sit,
1057 2049 1211 2131 colligere
1233 2067 1312 2129 pos-

181 2167 312 2231 sitnon
335 2168 505 2249 intellego,
540 2187 736 2250 quamquam
758 2169 966 2234 Lehmannus
989 2169 1041 2233 hic
1064 2187 1181 2234 causae
1204 2169 1312 2233 cardi·

176 2302 249 2349 nem
271 2285 377 2366 ponit.

259 2404 329 2486 Ego
352 2404 453 2486 igitur
474 2404 559 2469 hune
583 2404 748 2486 dialogum
778 2424 797 2470 a
821 2405 944 2472 Seneca
974 2425 1013 2470 ex
1036 2405 1132 2470 exilio
1155 2423 1310 2485 regresso

176 2524 392 2605 compositum
416 2543 488 2589 esso
510 2530 600 2606 puto.
