2992 4926
621 1515 778 1650 caput
813 1516 847 1631 Ι.

296 1737 369 1822 Ile
398 1733 527 1821 Luci
555 1733 761 1820 Annaei
791 1728 1019 1821 Senecae
1048 1734 1174 1820 vita.

625 1985 828 1994 ——-—

253 2177 315 2287 De
339 2221 484 2287 Senecae
510 2219 650 2285 infantia
678 2224 712 2285 et
738 2219 976 2298 adulescentia,
1015 2236 1098 2299 quae
1125 2218 1215 2282 etin
1238 2220 1301 2285 ob-

170 2354 263 2404 scuro
286 2341 392 2405 latent
414 2344 448 2405 et
470 2340 513 2404 ad
534 2344 683 2404 nostrum
705 2337 802 2403 finem
822 2338 943 2402 nullius
956 2338 1114 2432 momenti
1136 2341 1221 2416 sunt,
1245 2337 1301 2401 alii

166 2457 235 2540 jam
265 2477 349 2540 qnae
378 2457 449 2522 erui
476 2462 655 2539 potuerunt
687 2457 902 2537 collegerunt3
940 2473 981 2520 ne
1006 2460 1115 2520 autem
1137 2457 1171 2521 in
1193 2455 1300 2521 medio

170 2577 263 2658 quasi
286 2576 441 2657 incipiam
463 2577 596 2642 illorum
617 2577 799 2642 sententias
822 2575 966 2640 breuiter
988 2591 1073 2639 nunc
1095 2571 1238 2639 afferam.

256 2693 412 2760 Senecam
435 2700 548 2760 natum
571 2714 644 2761 csse
667 2714 751 2761 anno
777 2700 868 2762 sento
891 2699 968 2759 ante
992 2691 1027 2758 Ο.
1050 2713 1083 2758 n.
1105 2697 1202 2775 putat
1217 2694 1301 2758 Leh-

169 2831 316 2878 mannus.
339 2813 469 2897 (Philol.
485 2813 573 2880 VIII.
596 2815 686 2899 310.)

160 2973 161 2976 =
255 2931 412 2998 Senecam
432 2952 454 2998 a
474 2933 658 3014 proposito,
681 2933 768 3016 quod
790 2950 874 2998 anno
899 2935 938 2999 18
951 2950 984 3012 p.
1002 2929 1038 2996 O.
1062 2936 1195 3017 ceperat
1216 2951 1300 2998 anno

173 3054 210 3115 19
235 3050 427 3116 discessisse
450 3069 489 3117 eo
512 3057 666 3134 apparet,
694 3053 781 3136 quod
803 3056 910 3118 totum
932 3070 1052 3117 annum
1074 3051 1108 3115 in
1129 3051 1301 3132 proposito

170 3169 337 3234 abstinere
367 3169 562 3237 animalibus
592 3191 628 3236 se
656 3173 817 3237 mansisse
846 3171 905 3236 sed
931 3170 1075 3252 expulsis
1101 3168 1301 3235 ludaeorum

169 3288 469 3370 Aegyptiorumque
491 3290 594 3356 sacris
618 3289 705 3372 (Tac.
730 3309 804 3356 ann.
825 3289 867 3353 Π.
892 3294 954 3370 85,
976 3308 1060 3354 anno
1080 3289 1133 3371 19)
1158 3287 1220 3360 „ad
1234 3289 1301 3369 pri-

170 3406 290 3471 stinam
311 3407 577 3473 consuetudinem
599 3409 738 3475 rediisse
761 3409 869 3492 (epist.
897 3413 967 3488 108,
990 3406 1091 3491 22.)¹)
1113 3410 1236 3471 narrat.

254 3525 317 3590 Per
347 3526 480 3607 longum
514 3527 631 3593 deinde
664 3533 794 3609 tempus
828 3527 950 3591 Rornae
983 3543 1099 3591 causas
1131 3525 1213 3606 egit3
1259 3524 1299 3590 cf.

170 3644 266 3724 epist.
288 3648 347 3723 49,
371 3648 408 3708 2:
445 3646 560 3719 „modo
588 3647 738 3712 amisisse
767 3651 800 3711 te
828 3645 955 3724 videor,
991 3643 1069 3726 quid
1095 3643 1181 3708 enim
1203 3644 1300 3709 modo

171 3765 221 3826 est
250 3762 279 3826 si
306 3763 511 3830 recorderis?
550 3765 646 3830 modo
674 3766 762 3846 apud
785 3765 953 3831 Sotionem
980 3781 1062 3845 puer
1084 3763 1170 3841 sedi,
1204 3764 1300 3829 modo

171 3898 285 3945 causas
316 3899 414 3962 agere
442 3883 548 3965 coepi,
586 3885 683 3950 modo
712 3885 797 3951 desii
827 3884 911 3950 velle
938 3901 1051 3965 agere,
1089 3882 1185 3947 modo
1217 3881 1300 3946 desii

169 4009 297 4080 posse.“

444 4191 525 4199 ——·-.—

210 4305 235 4372 1)
254 4304 285 4357 In
311 4303 454 4357 laudandis
480 4303 598 4357 numeris
620 4303 741 4359 Senecae
767 4303 887 4357 locorum
914 4318 1021 4372 semper
1044 4301 1128 4356 Haasi
1155 4301 1300 4357 aditionem

256 4410 367 4460 secutus
385 4421 452 4461 sum.
