2992 4926
731 335 770 408 18

189 561 244 628 bis
269 565 540 646 persuadebimus
562 564 655 632 illum
681 564 810 644 ,studia
832 564 949 630 civium
970 565 1005 629 in
1026 583 1063 630 se
1077 565 1263 649 vertisse“.)
1286 571 1321 632 ct

182 681 363 764 principem
390 685 481 768 equis
509 682 663 767 regendis
685 684 871 766 talibusque
895 684 1161 766 occupationibus
1185 688 1317 769 adjuve-

182 804 236 866 rat
258 805 293 867 et
315 803 397 870 alios
413 803 766 886 „eloquentiaelaude“
785 802 957 884 praecellit
978 806 1012 868 et
1037 806 1201 876 „carmina
1222 805 1318 872 facti-

97 1014 100 1018 *
182 918 277 988 tabat
298 921 429 1003 saepius
451 927 626 1005 postquam
648 923 771 988 Neroni
794 940 885 987 amor
907 940 1020 988 eorum
1041 930 1208 989 venerata

267 1039 358 1106 Haec
380 1040 564 1107 criminatio
588 1042 706 1108 ceteris
722 1041 840 1107 callide
856 1044 1009 1128 apposita
1024 1047 1084 1123 est,
1108 1043 1228 1125 quippe
1251 1023 1317 1126 qua

184 1155 329 1225 Senecae
344 1161 537 1241 potentiam,
560 1179 671 1227 veram
693 1161 790 1243 hujus
811 1160 881 1226 litis
903 1179 1045 1242 cansam,
1068 1180 1134 1243 qua
1148 1163 1317 1230 nominata

181 1275 320 1344 Neronis
343 1278 427 1344 iram
448 1280 482 1345 in
506 1285 611 1347 semet
632 1282 723 1363 ipsos
745 1280 993 1361 convertissent,
1017 1286 1224 1348 accusatores
1247 1283 1316 1349 lon-

182 1397 254 1480 gius
277 1397 318 1464 ab
342 1399 444 1465 oculis
467 1404 682 1481 removerent,
706 1417 902 1482 quamquam
925 1399 1060 1465 eTaciti
1082 1401 1191 1466 verbis
1215 1403 1312 1486 (XIV.

72 1527 75 1536 '
183 1517 265 1601 52.):
304 1523 411 1597 „certe
445 1516 572 1584 finitam
598 1519 738 1585 Neronis
765 1518 940 1601 pueritiam
975 1523 1009 1584 et
1040 1517 1141 1583 robur
1160 1521 1315 1602 juventae

181 1636 308 1718 adesse,
331 1642 465 1704 exueret
487 1632 680 1721 magistrum
694 1639 776 1704 satis
794 1638 913 1721 amplis
930 1638 1118 1704 doctoribus
1134 1639 1314 1705 instructus

183 1756 364 1838 majoribus
387 1758 473 1823 suis“
499 1758 609 1840 colligi
636 1761 758 1840 potest,
786 1762 993 1823 accusatores
1023 1757 1111 1823 haud
1140 1758 1236 1840 longe
1258 1758 1315 1825 ab·

181 1872 292 1955 fuisse,
316 1875 394 1957 quin
416 1894 528 1942 veram
551 1894 683 1942 cansam
704 1877 892 1959 proderent.
995 1907 998 1911 ·
1381 1850 1385 1858 ’

264 1993 374 2059 Etiam
398 1993 522 2061 Seneca
544 1995 737 2080 oratione,⁷)
769 2014 833 2078 qua
855 2014 876 2060 a
897 1995 1177 2086 criminationibus
1201 2014 1236 2061 se
1259 1996 1315 2061 de-

178 2109 314 2178 fendere
338 2114 477 2195 studuit,
512 2115 552 2180 de
583 2115 675 2179 nulla
708 2132 744 2180 rc
776 2113 842 2179 nisi
876 2114 915 2179 de
948 2113 1071 2179 divitiis
1093 2115 1194 2180 verba
1225 2114 1313 2195 lecit,

185 2250 266 2313 quas
288 2231 469 2313 principem
482 2233 688 2315 procuratori
710 2233 989 2299 administrandas
1012 2233 1091 2298 dare
1110 2232 1219 2315 jussit,
1242 2252 1314 2298 curn

181 2351 246 2416 sibi
271 2351 544 2430 „incumberent“.
588 2352 627 2417 In
657 2351 720 2417 fine
748 2352 848 2419 dixit:
884 2358 1053 2434 „superest
1075 2352 1136 2417 tibi
1158 2351 1259 2418 robur
1281 2359 1315 2419 et

178 2473 229 2536 tot
258 2489 319 2552 per
350 2488 453 2536 annos
482 2468 600 2537 fultum
622 2468 748 2554 fastigii
770 2471 932 2554 regimen,
966 2490 1141 2554 possumus
1168 2472 1313 2537 seniores

180 2590 277 2656 amici
301 2589 410 2672 quiete
432 2592 630 2673 reponerel,
664 2591 866 2657 vicinitatem
888 2591 991 2672 igitur
1012 2590 1151 2656 Neronis
1174 2589 1315 2672 effligere

177 2707 323 2774 voluisse
345 2708 484 2774 videtur.

265 2825 332 2893 Sed
353 2827 478 2893 Romae
509 2845 643 2893 manere
674 2826 899 2911 pristinaeque
927 2845 998 2892 cum
1021 2825 1181 2909 discipulo
1203 2829 1313 2894 amici-

177 2945 245 3010 tiae
268 2920 410 3026 speciem
433 2965 565 3014 servare
587 2947 716 3027 debuit3
747 2946 968 3028 periculosum
1000 2946 1131 3028 quidem
1165 2952 1237 3012 erat
1264 2947 1312 3012 in·

178 3062 333 3145 gentibus
357 3082 428 3130 curn
450 3065 573 3131 divitiis
596 3066 656 3132 sub
672 3065 763 3131 avari
785 3065 943 3147 principis
966 3065 1068 3131 oculis
1088 3083 1231 3146 manere,
1254 3085 1312 3148 pe-

177 3181 354 3251 riculosius
375 3187 486 3249 tamen
508 3202 573 3249 non
597 3184 779 3251 obediendo
803 3184 888 3262 huic,
912 3203 987 3266 qum
1012 3183 1067 3249 din
1090 3185 1309 3267 quaesiverat,

177 3301 380 3370 occasionem
419 3302 579 3384 praebere
615 3303 751 3369 tollendi
783 3301 894 3368 divitis
938 3308 973 3368 et
1014 3294 1240 3385 praeceptoris
1276 3309 1311 3371 et

177 3438 379 3487 summorum
395 3423 553 3488 scelerum
568 3422 753 3504 participis,
770 3440 851 3505 quos
867 3422 1028 3507 quomodo
1045 3422 1216 3489 occasione
1231 3422 1310 3489 data
1388 3466 1392 3472 -

176 3539 262 3606 Nero
284 3547 466 3622 amoveret,
491 3541 616 3608 Seneca
642 3560 682 3607 ex
703 3541 832 3608 Aniceti
864 3546 1051 3622 „maternae
1080 3543 1169 3609 necis
1198 3547 1310 3626 patra·

176 3659 277 3724 toris“
304 3657 393 3741 (Tac.
415 3660 500 3726 XIV.
523 3660 589 3744 62.)
613 3658 710 3727 exilio
733 3659 926 3743 intellegere
947 3664 1090 3743 poterat.

260 3776 378 3861 Itaque
402 3776 574 3858 ,instituta
600 3779 750 3863 ,quidem
776 3779 914 3861 „prioris
928 3780 1099 3862 potentiae
1120 3783 1308 3859 commutat,

172 3975 532 3987 ——u--n—-n——n—-n—

218 4104 243 4171 ⁷)
262 4102 322 4169 Quo
340 4103 404 4175 jure
426 4102 624 4159 Merivalins'l.
646 4104 665 4158 l.
687 4103 747 4160 335.
772 4104 805 4159 1:
838 4103 908 4158 illas'
923 4102 1060 4159 orationes
1083 4104 1153 4158 inter
1176 4102 1307 4159 Senecam

259 4211 288 4262 et
296 4207 431 4262 Neronem
449 4223 537 4276 neque
555 4206 664 4264 habitas
681 4222 751 4276 esse,
768 4221 858 4276 neque
876 4205 900 4262 si
916 4205 1027 4262 habitae
1045 4209 1144 4275 essent,
1161 4204 1308 4261 memoriae

260 4307 376 4365 traditas
393 4325 455 4366 esse
471 4325 563 4380 posse,
582 4309 730 4367 contendat
746 4309 847 4367 nescio.
866 4337 898 4349 —
