2992 4926
723 401 765 474 33

184 627 300 693 Claudi
329 629 447 710 imperi
476 629 624 693 exulatus
653 634 686 692 et
712 632 784 691 octo
808 646 909 692 annos
932 632 1008 708 post
1031 633 1201 691 revocatus
1223 628 1312 706 prin-

183 749 263 829 cipis
287 747 444 812 educator
466 747 571 811 iactus
594 747 665 811 sit.“
683 784 721 792 —
746 747 847 810 Nemo
864 751 972 811 antem
997 748 1175 828 intelleget,
1200 748 1310 828 quidni

183 868 305 933 Seneca
328 867 467 931 Neronis
501 866 656 931 educator
689 867 943 931 consolationem
973 866 1115 930 scribere
1138 867 1311 946 potuisset.

179 986 375 1052 Rectissime
397 986 604 1049 Lehmannus
638 987 721 1048 hunc
756 986 920 1065 dialogum
955 985 1121 1048 aSencca
1154 985 1186 1048 in
1216 985 1311 1048 exilio

134 1092 136 1096 ⁸
181 1106 395 1187 compositum
421 1122 494 1168 osse
517 1124 581 1169 non
598 1114 700 1185 ‘posse
724 1104 907 1182 contendit,
932 1104 989 1167 sed
1012 1122 1139 1182 causae,
1164 1122 1243 1184 quas
1267 1102 1313 1166 af-

180 1223 246 1289 fert
274 1224 364 1287 leves
388 1229 474 1288 sunt.
517 1223 606 1286 Dicit
629 1224 732 1302 enim,
768 1224 851 1286 hanc
885 1243 955 1287 curn
988 1224 1245 1287 consolationem
1280 1223 1312 1284 in

181 1344 278 1408 exilio
312 1348 369 1407 aut
406 1342 482 1423 post
516 1343 647 1405 exilium
681 1342 869 1422 scripsisset
902 1344 934 1406 in
967 1344 1104 1406 aliorum
1138 1343 1312 1405 detrimon-

180 1464 224 1527 tis
247 1461 439 1526 enarrandis
463 1480 521 1525 sua
543 1480 670 1542 quoqne
694 1480 865 1525 enarrasse
887 1462 1051 1542 pntandns
1082 1467 1178 1525 esset.
1225 1460 1313 1541 (Phi-

180 1581 234 1648 lol.
267 1599 299 1661 p.
335 1584 407 1646 312.
452 1580 501 1642 De
536 1578 638 1660 Calig.
668 1585 701 1643 et
723 1579 797 1643 Ner.
831 1599 863 1660 p.
890 1583 953 1665 10.)
997 1581 1088 1657 Quod
1111 1599 1174 1642 non
1197 1579 1313 1658 proba-

182 1699 286 1764 bimus
323 1699 405 1781 ipsis
445 1699 588 1763 auctoris
622 1700 730 1764 verbis
763 1699 857 1763 initio
894 1718 962 1780 cap.
998 1700 1133 1762 alterius
1168 1697 1311 1760 collatis:

186 1817 277 1890 „Scio
300 1837 320 1883 a
342 1818 528 1898 praeceptis
550 1818 694 1898 incipere
718 1830 840 1897 omnes,
865 1820 920 1900 qui
943 1836 1075 1881 monere
1099 1817 1240 1897 aliquem
1257 1834 1312 1878 vo-

182 1936 251 2002 lunt
284 1941 317 2002 et
351 1938 384 2001 in
418 1936 574 2018 exemplis
609 1937 768 2001 desinere.
825 1937 971 2000 Mutari
1005 1937 1109 1999 bunc
1145 1934 1310 1997 interim

180 2074 330 2120 morem
353 2055 561 2137 expedit“;
591 2075 695 2137 neque
723 2061 833 2120 tamen
857 2057 986 2119 omnino
1010 2055 1159 2135 exempla
1183 2071 1311 2116 enume-

179 2193 253 2239 rare
288 2175 412 2239 omittit
446 2175 504 2240 sed
529 2174 611 2248 „dno
645 2176 706 2238 tibi
740 2195 859 2255 ponam
895 2181 970 2239 ante
1004 2175 1115 2239 oculos
1143 2172 1311 2252 0101111110ιι

180 2294 409 2376 persequitur,
443 2293 598 2358 Octaviae
633 2300 665 2358 et
696 2295 808 2358 Liviae
832 2296 1028 2358 mentionem
1052 2293 1194 2374 farciens,
1230 2309 1312 2372 qnae

179 2417 319 2494 utraque
351 2411 454 2476 filium
488 2413 652 2477 amiserat.
698 2414 809 2494 Neque
842 2414 909 2476 tale
943 2413 1125 2492 exemplum
1158 2410 1311 2474 hocloco

181 2531 349 2596 laudatum
367 2549 439 2595 esse
455 2510 722 2612 vituperabimus,
747 2533 803 2596 sed
827 2532 958 2594 exilium
975 2530 1146 2610 deplorare
1170 2548 1207 2591 oo
1231 2529 1312 2605 loco,

183 2668 246 2732 quo
281 2655 418 2715 matrem
452 2651 491 2715 de
526 2649 573 2715 fili
600 2657 705 2716 morte
729 2650 891 2716 consolari
914 2651 983 2713 vult
1007 2654 1119 2713 auctor
1142 2647 1313 2711 ridiculum

181 2767 313 2850 fuisset,
345 2787 450 2851 neque
481 2771 536 2852 qui
564 2790 708 2834 sororem
732 2776 766 2835 et
787 2789 920 2834 uxorem
943 2769 1082 2850 Augusti
1105 2745 1235 2831 sortiter
1259 2765 1313 2827 do-

183 2887 296 2968 lorem,
321 2890 354 2952 in
377 2888 506 2953 amissis
530 2887 605 2953 filiis
630 2894 781 2968 captum,
815 2890 975 2952 tolerasse
998 2887 1160 2965 narravit,
1185 2885 1313 2948 adicere

184 3008 291 3086 potuit
314 3025 349 3071 se
366 3026 493 3089 quoqne
516 3005 617 3071 filium
641 3008 790 3074 amisise
814 3025 917 3089 neque
939 3007 1110 3070 immodice
1126 3005 1248 3086 lugere.
1273 3039 1312 3049 —

268 3127 393 3191 Seneca
418 3127 573 3205 ,tertius“
597 3128 703 3209 inquit
728 3128 811 3209 „jam
834 3128 1010 3207 praeteriit
1033 3144 1147 3204 annus,
1172 3143 1243 3187 curn
1267 3123 1314 3185 in-

182 3245 279 3310 terim
301 3246 382 3309 nihil
405 3247 571 3327 exprimo
595 3247 651 3309 illo
682 3247 806 3326 impetu
835 3247 980 3310 cecidit.“
1018 3244 1084 3326 (Vl.
1112 3244 1174 3326 17.)
1219 3241 1312 3339 Meti·

182 3364 245 3428 lius
269 3364 333 3446 (16.
357 3367 401 3449 8.)
426 3365 525 3447 igitur
547 3365 690 3445 Marciae
725 3364 810 3430 filins
844 3372 912 3430 tres
942 3369 1050 3428 annos'
1068 3367 1142 3425 ante
1166 3364 1312 3423 mortuus

183 3488 249 3562 est,
280 3502 377 3565 quam
406 3483 530 3561 Seneca
561 3484 644 3548 hanc
678 3485 934 3548 consolationem
962 3481 1104 3561 scripsit.
1150 3478 1215 3542 Cur
1245 3482 1312 3539 tarn

183 3601 238 3665 diu
259 3608 336 3683 post
358 3609 497 3667 mortem
525 3600 572 3666 fili
594 3603 750 3667 Marciam
775 3602 938 3667 consolari
968 3606 1102 3665 conatus
1133 3603 1183 3661 est
1209 3596 1314 3676 philo-

183 3721 325 3802 sophus?
359 3721 435 3802 Ipse
459 3724 565 3787 obiter
588 3723 819 3787 adumbratae
843 3721 1034 3801 impeditum
1055 3717 1166 3796 irrisae,
1190 3716 1313 3798 quomi-

183 3857 242 3904 nus
269 3841 382 3904 statim
409 3847 486 3922 post
509 3842 614 3906 Metili
639 3846 776 3905 mortem
799 3841 978 3923 periculum
1004 3837 1221 3903 consolandas
1247 3854 1313 3897 ma-

181 3958 244 4022 tris
278 3959 434 4024 subiisset
464 3961 572 4026 verbis
596 3961 662 4046 (VI.
690 3962 801 4044 1.a.):
839 3962 1020 4040 „cupissem
1053 3958 1165 4038 itaque
1197 3953 1313 4034 primis

127 4168 131 4173 ι
182 4080 386 4160 temporibus
410 4079 451 4144 ad
474 4080 572 4144 istam
596 4080 797 4144 curationem
820 4078 1003 4142 accedere.“
1050 4077 1167 4141 Nescio
1192 4092 1256 4155 qua
1277 4091 1313 4135 re

183 4196 307 4263 Seneca
330 4198 506 4280 impeditus
529 4198 637 4277 fuerit,
662 4215 766 4279 neque
783 4216 822 4260 en
837 4198 898 4261 hac
914 4198 1118 4262 cunctatione
1136 4194 1312 4276 quidquam

183 4316 223 4383 de
246 4324 395 4399 tempore
417 4319 513 4402 hujus
537 4317 659 4399 dialogi
683 4317 829 4381 concludi
852 4336 950 4397 posse
972 4321 1062 4398 puto.
1107 4316 1314 4379 Lehmannus

1091 4440 1109 4500 3
