2992 4926
330 1001 386 1081 Aol
411 1000 576 1080 Helviam
591 1001 753 1080 ³matrem
779 1002 824 1083 (le
850 1002 1113 1084 consolatione.

596 1150 743 1220 (nmogus
760 1151 852 1222 noun,

235 1443 298 1508 Hic
321 1459 449 1524 quoque
473 1440 622 1522 dialogus
651 1441 685 1506 in
709 1441 806 1507 exilio
830 1443 972 1524 scriptus
996 1447 1056 1509 est.
1102 1441 1196 1521 Quod
1218 1462 1283 1507 nou

155 1562 269 1627 statim
302 1566 379 1644 post
412 1561 588 1625 adventum
611 1560 645 1624 in
668 1557 836 1626 Corsicam
869 1559 992 1626 Seneca
1013 1562 1193 1643 periculum
1217 1581 1284 1625 ma-

153 1685 236 1744 trem
259 1680 299 1745 de
323 1680 420 1745 exilio
443 1678 491 1743 fili
506 1679 675 1744 ‘carissimi
699 1679 888 1744 consolandi
912 1679 1013 1744 subiit
1034 1681 1147 1761 prodit
1174 1681 1282 1745 verbis

154 1799 248 1878 primi
259 1799 377 1880 capitis
393 1816 510 1878 „saepe
517 1799 586 1879 jam
603 1843 652 1861 ...
669 1798 827 1879 impetum
843 1798 914 1880 cepi
930 1798 1119 1864 consolandi
1140 1804 1173 1864 te
1184 1817 1282 1880 saepe

154 1918 296 1982 continui
322 1967 378 1982 ...
404 1917 508 1982 dolori
531 1921 588 1980 tuo
612 1916 688 1980 dum
709 1934 823 1981 recens
848 1917 991 1981 saeviret
1013 1917 1157 1983 sciebam
1172 1935 1282 1983 occur·
1373 1906 1380 1917 ’

148 2037 285 2102 rendum
318 2055 383 2101 uon
417 2053 489 2101 esse
513 2083 546 2099 ..
580 2034 810 2116 exspectabam
843 2034 955 2117 itaque
989 2035 1065 2100 dum
1097 2037 1168 2119 ipse
1195 2037 1281 2102 vires

148 2173 224 2220 snas
246 2153 442 2237 frangeret.“

232 2274 409 2340 Praeterea
424 2273 568 2354 linguam
591 2271 770 2337 incolarum
785 2272 912 2338 insulae
929 2272 1171 2354 observaverat,
1195 2272 1282 2355 quod

149 2398 288 2474 apparet
310 2411 350 2458 ex
373 2400 402 2473 7,
426 2398 455 2458 9.
479 2392 588 2457 verbis
603 2390 837 2473 „Transierunt
853 2392 970 2457 deinde
980 2392 1119 2474 Ligures
1141 2392 1176 2457 iu
1199 2409 1281 2470 eam,
1323 2415 1326 2419 ⁴

35 2587 37 2589 ,
146 2513 351 2577 transierunt
374 2517 407 2578 et
428 2510 578 2593 Hispani,
602 2508 689 2591 qnod
712 2527 752 2572 ex
773 2509 987 2574 similitudine
1013 2511 1097 2575 ritus
1125 2515 1280 2592 apparet:

148 2632 263 2696 eadem
287 2631 372 2696 enim
395 2635 562 2714 tegmenta
585 2629 740 2710 capitum,
763 2626 916 2709 idemque
939 2647 1041 2710 genus
1057 2628 1280 2707 calceamenti,

26 2772 30 2776 ·
148 2750 234 2833 quod
258 2749 433 2815 Cantabris
467 2755 518 2815 est
553 2747 934 2830 et-oernequaedemss
981 2746 1092 2812 Verba
1120 2747 1280 2828 quaedam

148 2869 289 2934 dialecto
320 2870 469 2934 immixta
497 2886 562 2933 non
590 2867 704 2933 statim
735 2866 776 2930 ab
807 2865 933 2930 advena
962 2864 1021 2930 sed
1043 2865 1280 2948 pedetemptim

149 2989 188 3054 ab
220 2988 327 3054 incola
360 2987 577 3052 animadverti
603 2990 750 3069 possunt.
796 2982 915 3049 Gentns
938 3002 1042 3049 annus
1065 2982 1192 3050 definiri
1215 3003 1280 3050 uon

146 3113 278 3189 petest,
314 3124 378 3190 quo
402 3106 454 3171 hic
478 3106 626 3187 dialogus
650 3105 791 3186 scriptus
816 3104 870 3184 sit,
894 3122 990 3186 quem
1014 3102 1171 3169 Senecam
1194 3122 1279 3170 anuo

146 3231 187 3292 42
211 3232 267 3291 aut
288 3227 336 3292 43
354 3226 576 3308 composuisse
598 3225 755 3308 suspicor.
779 3258 822 3271 -
