2992 4926
703 352 742 426 21

238 574 431 660 Conjuratio
455 576 710 659 intemperantia
732 577 825 642 Flavi
848 576 997 643 Scaevini
1023 577 1175 658 proditur
1198 577 1286 663 (Tac.

153 694 220 761 XV.
251 700 292 760 54
316 697 379 781 sq.)
416 696 596 770 „Antonius
629 697 759 762 Natalis
782 697 821 762 de
844 696 963 762 Pisone
992 698 1133 779 primum
1156 696 1288 777 fatetur,

155 814 277 880 deinde*
296 814 388 879 addit
411 815 448 879 A.
474 815 632 881 Senecam
656 816 724 881 sive
747 816 967 881 internuntius
990 817 1079 881 intra
1101 834 1174 879 eum
1197 815 1289 880 Piso-

151 951 291 1016 nemque
308 931 386 1014 fnit,
414 935 483 999 sive
512 940 548 999 ut
569 935 709 1000 Neronis
734 935 875 1016 gratiam
896 941 1040 1015 pararet,
1064 935 1119 1016 qui
1142 933 1287 999 infensus

152 1051 296 1118 Senecae
320 1070 431 1118 omnes
456 1053 498 1118 ad
521 1072 594 1118 eum
618 1054 866 1135 opprimendum
889 1059 978 1118 artes
1002 1053 1242 1135 conquirebat.“

236 1170 404 1254 Princeps,
428 1173 483 1254 qui
506 1173 584 1237 olim
607 1174 730 1238 amicus
755 1172 818 1237 sibi
840 1171 955 1252 inerit,
979 1191 1052 1236 eum
1076 1191 1160 1236 nunc
1181 1173 1286 1237 inimi·

152 1289 317 1356 cissimum
340 1290 462 1356 iactum
478 1309 550 1358 esse
567 1291 738 1379 intellexit.
769 1292 844 1356 Piso
861 1292 931 1356 sive
954 1292 1085 1373 ignavia
1108 1293 1175 1356 sive
1198 1311 1287 1358 men-

150 1409 194 1474 tis
219 1410 314 1492 quasi
348 1416 482 1490 stupere
515 1415 630 1490 captus
659 1412 781 1475 mansit
804 1411 891 1475 iners
913 1429 1018 1493 neque
1042 1417 1157 1492 aperta
1178 1430 1288 1493 pugna

151 1533 325 1610 tyrannum
357 1529 480 1594 adoriri
514 1549 611 1595 ansus
641 1531 729 1595 domi
756 1517 923 1610 „abruptis
945 1530 1153 1594 brachiorum
1175 1531 1284 1595 venis‘

103 1651 109 1656 ’
153 1647 310 1712 obiit-
341 1647 379 1712 G.
405 1648 554 1713 Silvanus
578 1649 727 1715 tribanus
751 1649 937 1729 praetoriae
964 1649 1107 1713 cohortis
1131 1624 1288 1713 Senecam

157 1768 359 1846 ,percontari
391 1767 525 1849 jubetur
559 1787 601 1832 an
625 1768 713 1832 dicta
734 1767 864 1831 Natalis
887 1786 1009 1849 suaque
1032 1786 1191 1848 responsa
1213 1787 1287 1832 nos-

154 1887 320 1970 ceret.“¹¹)
366 1870 490 1951 Seneca
523 1886 623 1951 verba
655 1886 762 1950 relata
794 1885 858 1950 alio
889 1904 986 1951 sensu
1017 1887 1105 1951 dicta
1132 1905 1204 1950 esse
1233 1887 1288 1951 de-

151 2010 334 2068 monstrare
358 2011 493 2070 conatus
517 2024 574 2069 cur
596 2005 736 2070 salutem
756 2004 877 2084 privati
901 2005 1041 2070 hominis
1070 2006 1287 2069 incolumitati

150 2141 230 2188 suae
262 2122 442 2189 anteferret
475 2124 701 2206 interrogavit.
755 2123 936 2203 Superbam
969 2128 1003 2188 ct
1026 2124 1167 2206 dignam,
1204 2143 1287 2206 quae

151 2242 440 2323 animadvertatur,
465 2244 663 2309 sententiam
679 2241 822 2306 addidit:
849 2242 934 2319 ,Nee
957 2243 1020 2309 sibi
1043 2249 1230 2323 promptum
1253 2245 1286 2308 in

151 2360 358 2426 adulationes
386 2362 553 2443 ingenium
584 2362 682 2443 idque
712 2361 792 2425 nulli
815 2362 921 2443 magis
945 2380 1080 2443 gnarum
1105 2382 1200 2444 quam
1223 2364 1287 2427 Ne·

150 2480 238 2559 roni,
269 2481 325 2561 qui
348 2481 479 2560 saepius
503 2480 690 2545 libertatem
715 2480 874 2559 Senecae,
906 2500 1004 2561 quam
1033 2482 1202 2546 servitium
1233 2501 1285 2546 ex-

149 2603 264 2679 pertus
288 2604 405 2664 esset.“
438 2600 529 2665 Haec
551 2601 721 2665 enuntiata
743 2618 763 2663 a
785 2600 866 2678 viro,
890 2599 945 2681 qui
967 2604 1044 2680 post
1060 2598 1176 2663 Claudi
1200 2619 1284 2664 mor-

150 2721 228 2797 tem,
250 2722 288 2782 ut
309 2719 511 2802 Agrippinae
534 2720 690 2800 placeret,
714 2719 1012 2796 duonotono'oroav,
1035 2723 1111 2799 post
1131 2719 1285 2799 Agrippi-

153 2855 214 2902 nae
237 2843 376 2903 mortem
398 2838 521 2903 Neroni
547 2836 822 2916 ,confessionem
848 2837 1043 2918 scripserat,
1074 2837 1129 2919 qni
1145 2837 1284 2902 Neronis

152 2954 325 3020 libidinum
352 2956 614 3039 ineptiarumque
642 2954 851 3022 fidelissimus
883 2957 1015 3039 adjutor
1041 2962 1110 3021 tam
1137 2957 1192 3021 diu
1215 2955 1284 3021 fue·

148 3079 201 3138 rat
222 3094 318 3155 quarn
340 3075 486 3142 consiliis
510 3077 578 3142 suis
601 3095 667 3142 non
689 3080 897 3158 repugnaret,
921 3074 1061 3141 ridicula
1084 3081 1168 3140 sunt.

235 3195 299 3260 Sed
331 3196 518 3261 constantia
541 3196 652 3275 animi,
690 3214 753 3277 qua
790 3196 832 3260 ad
863 3201 1002 3261 mortem
1036 3212 1109 3260 sese
1141 3196 1282 3274 paravit,

147 3319 314 3394 postremo
338 3317 425 3380 vitae
448 3314 557 3396 spatio
579 3313 809 3395 philosophum
834 3333 868 3379 se
885 3332 957 3380 esse
978 3315 1132 3396 probans,
1157 3333 1283 3378 summa

149 3434 367 3500 admiratione
391 3435 490 3517 digna
513 3440 573 3499 est.

233 3553 364 3618 Tacitus
389 3554 429 3618 de
453 3553 596 3618 Senecae
619 3556 724 3616 morte
748 3551 893 3616 referens
917 3551 1033 3616 miram
1056 3550 1282 3615 narratiuncu-

146 3671 212 3735 lam
225 3672 329 3751 addit,
345 3672 515 3737 Paulinam
526 3688 658 3736 uxorem
671 3670 791 3736 multos
807 3689 909 3735 annos
922 3671 1080 3735 minorem
1092 3676 1172 3734 natu
1184 3689 1282 3752 prop·

146 3797 198 3855 ter
213 3808 358 3856 amorem
373 3791 435 3856 viri
451 3811 471 3856 a
485 3789 609 3856 Seneca
624 3790 791 3871 petivisse,
814 3795 851 3854 ut
873 3789 935 3855 sibi
960 3808 1031 3854 cum
1054 3807 1093 3854 eo
1110 3791 1193 3854 mori
1205 3790 1282 3855 lice-

145 3915 214 3990 ret;
231 3928 336 3993 neque
352 3910 436 3974 hunc
452 3911 521 3992 ejus
535 3910 658 3992 gloriae
671 3910 843 3976 adversum
866 3908 967 3976 fuisse
983 3911 1081 3975 immo
1098 3911 1233 3975 brachia
1249 3909 1278 3972 ei

172 4213 216 4281 11)
236 4214 269 4267 G.
286 4213 371 4281 igitur
388 4209 516 4265 Silvanus
540 4211 733 4282 conjurationis
755 4212 847 4267 socius
872 4212 948 4277 (Tac.
966 4211 1027 4268 XV.
1045 4211 1098 4278 50.)
1117 4226 1172 4264 non
1189 4210 1279 4281 prodi-

231 4319 277 4369 tus
291 4329 356 4387 ,esse
374 4315 489 4370 videtur.
