2992 4926
755 338 800 434 ae

209 560 362 629 Ostendit
384 559 501 646 igitur,
531 585 629 649 quam
657 572 781 634 taetra.
797 568 842 634 sit
864 567 933 633 irae
956 567 1075 647 rabies,
1099 567 1215 650 quibus
1238 569 1345 634 horri-

210 682 260 748 dis
282 682 508 750 instrumentis
535 686 587 752 vel
619 687 834 769 adparatibus
857 691 978 752 utatur.
1021 687 1136 753 Liceat
1163 688 1347 755 exscribam

208 802 460 884 paragraphum.

297 921 364 999 „Ne
399 940 494 1005 quem
528 922 625 989 fallat
646 929 814 1007 tamquam
836 927 944 1008 aliquo
968 931 1116 1009 tempore
1140 926 1249 1008 aliquo
1272 926 1345 991 loco

208 1036 380 1120 profutura
403 1042 606 1108 ostendenda
638 1048 690 1109 est
723 1044 831 1110 rabies
860 1045 929 1126 ejus
958 1044 1117 1110 effrenata
1140 1052 1173 1111 et
1196 1046 1347 1110 adtonita

209 1159 453 1243 adparatusqne
476 1161 525 1226 illi
547 1162 733 1230 reddendus
756 1168 807 1228 est
829 1182 923 1244 suus,
958 1164 1061 1229 eculei
1085 1169 1118 1229 et
1140 1162 1290 1229 fidiculae
1313 1167 1348 1228 et

209 1280 376 1360 ergastula
400 1284 436 1347 et
456 1297 568 1345 cruces
593 1288 627 1347 et
649 1282 842 1347 circumdati
865 1281 1005 1348 defossis
1033 1282 1225 1364 corporibus
1251 1283 1345 1364 ignes

210 1402 244 1462 et
267 1398 427 1463 cadavera
451 1416 580 1481 quoqne
601 1401 737 1466 trahens
758 1418 874 1480 uncus,
892 1402 985 1467 varia
999 1401 1201 1467 vinculorum
1214 1419 1345 1484 genera,

208 1516 301 1582 uaria
339 1535 540 1600 poenarum,
580 1520 799 1585 lacerationes
835 1521 1075 1601 membrorum,
1114 1521 1346 1602 inscriptiones

210 1633 328 1701 frontis
360 1641 394 1702 et
421 1636 602 1702 bestiarum
625 1639 815 1704 immanium
838 1657 965 1704 caveae.
1010 1640 1100 1705 Inter
1122 1640 1204 1705 haee
1224 1640 1346 1704 instru-

209 1758 319 1820 menta
341 1756 528 1822 conlocetur
550 1758 615 1836 ira,
646 1757 751 1821 dirum
781 1757 935 1840 quiddam
958 1763 1057 1840 atque
1078 1758 1246 1824 horridum
1268 1759 1344 1824 stri-

208 1872 288 1938 dens
310 1873 462 1940 omnibus
483 1893 545 1958 per
566 1894 649 1958 quae
671 1875 752 1941 inrit
773 1877 920 1942 tetrior.“
1121 1871 1125 1879 '

292 1993 388 2059 Talia
407 1994 613 2061 Lehmannus
637 1995 793 2061 Senecam
823 2014 896 2061 curn
916 1994 1075 2061 educandi
1097 1995 1236 2060 Neronis
1258 1996 1345 2077 peri·

122 2139 128 2148 ’
209 2111 474 2180 culumsubiisset
496 2114 538 2181 ad
554 2113 706 2196 discipuli
728 2115 934 2180 notissimum
958 2115 1074 2180 vitium
1097 2132 1133 2180 se
1147 2113 1345 2179 referentem

210 2231 383 2314 scripsisse
407 2232 559 2317 arguite)

294 2349 378 2429 Quia
392 2351 480 2416 Nero
495 2350 747 2428 christianorum
763 2358 872 2418 sectae
890 2352 1040 2418 addictos
1062 2354 1134 2434 pice
1156 2352 1234 2417 litos
1258 2368 1344 2416 ccm-

210 2468 284 2534 buri
303 2470 404 2552 jussit
425 2471 699 2554 paragraphoque
712 2453 825 2537 'citata
840 2471 964 2538 Seneca
987 2471 1027 2538 de
1050 2472 1181 2554 ignibus
1207 2471 1344 2536 circum·

210 2588 297 2654 datis
330 2589 520 2672 corporibus
552 2591 720 2672 loquitur,
755 2590 845 2655 nullo
881 2591 978 2656 modo
1010 2607 1146 2656 necesse
1179 2594 1231 2656 est
1262 2590 1344 2655 haec

210 2709 311 2774 uerba
333 2708 375 2774 ad
397 2708 537 2775 Neronis
558 2709 731 2775 saevitiam
753 2708 886 2788 reierri,
916 2711 1114 2791 praesertim
1143 2726 1216 2777 cum
1238 2709 1343 2789 philo-

210 2827 332 2908 sophus
354 2828 426 2910 ipse
446 2828 559 2894 tradat
582 2847 617 2894 se
640 2826 700 2895 sub
723 2826 874 2911 Caligula
906 2828 1055 2895 homines
1086 2829 1161 2910 igne
1195 2829 1344 2894 combus-

209 2949 262 3010 tos
281 2945 413 3026 vidisse,
437 2945 476 3012 ei.
488 2946 563 3012 Nat.
578 2947 711 3026 Quaest.
724 2947 778 3013 IV.
794 2947 896 3029 praef.
916 2954 969 3013 17:
995 2948 1172 3022 „Videbam
1184 2947 1271 3028 apud
1282 2944 1344 3010 Oa·

205 3065 278 3146 jnrn
292 3070 468 3145 tormenta,
491 3065 643 3131 videbam
659 3068 762 3148 ignes,
786 3066 930 3133 sciebam
952 3067 1030 3131 olim
1053 3066 1113 3132 sub
1135 3066 1192 3131 illo
1213 3067 1248 3131 in
1269 3084 1343 3131 enm

210 3188 333 3250 statum
355 3203 409 3248 res
441 3185 599 3250 humanas
629 3185 806 3265 decidisse,
842 3190 879 3251 ut
905 3185 991 3250 inter
1020 3202 1121 3266 opera
1158 3186 1344 3251 misericor-

213 3303 288 3369 diae
311 3303 510 3368 haberentur
533 3304 662 3369 occisi.¹‘
689 3304 739 3368 Ad
750 3303 831 3369 haee
843 3301 895 3383 ol,
918 3322 1050 3386 quaeso,
1075 3303 1209 3369 Suetoni
1223 3305 1343 3386 capitis

209 3423 242 3487 in
264 3422 333 3487 vita
348 3421 518 3504 Caligulae
534 3425 576 3488 27
591 3424 710 3488 verba:
736 3422 875 3500 ,Multos
891 3423 1040 3488 homines
1055 3423 1186 3488 honesti
1209 3423 1342 3503 ordinis,

209 3540 409 3607 deformatos
430 3541 523 3624 prius
546 3541 737 3623 stigmatum
759 3540 847 3606 notis
870 3541 913 3606 ad
928 3541 1062 3606 metalla
1078 3546 1135 3606 aut
1151 3542 1193 3607 ad
1215 3543 1342 3607 viarum

160 3638 162 3642 ⁵
212 3661 412 3726 munitiones
435 3665 493 3727 aut
508 3660 551 3726 ad
565 3660 690 3726 bestias
707 3659 945 3740 condemnavit,
968 3665 1026 3726 aut
1047 3659 1229 3728 bestiarum
1251 3678 1342 3726 more

212 3863 345 3871 --—---
351 3862 567 3872 .-.φώκη-.-

250 3987 276 4052 l)
295 3984 358 4043 Und
374 3984 410 4040 da
428 3984 523 4041 Nero's
540 3982 661 4039 Jiihaorn
684 3981 806 4038 bekannt
830 3996 901 4048 war,
928 3995 966 4036 so
990 3986 1088 4049 passt
1110 3997 1146 4038 es
1169 3981 1247 4037 sehr
1269 3957 1343 4050 gut,

294 4088 359 4143 dass
382 4087 488 4144 Seneca
509 4085 614 4157 genade
637 4084 709 4141 baim
733 4082 840 4154 Region
863 4083 953 4138 seinar
977 4084 1103 4154 Stellung
1129 4084 1187 4139 sich
1208 4084 1277 4140 iiber
1299 4085 1343 4139 die

294 4189 486 4260 Bekdmpfung
503 4189 554 4245 des
571 4187 673 4244 Zomes
690 4185 912 4256 ausgesprochen
930 4185 986 4244 hat.
1014 4185 1047 4242 cf.
1066 4186 1101 4241 de
1119 4182 1214 4241 Claud.
1233 4191 1262 4243 et
1279 4187 1345 4243 Ner.

294 4307 322 4362 p.
341 4293 383 4347 11.
