2992 4926
812 321 855 393 52

270 552 321 612 est
352 545 582 629 0000006ῖί01.-
620 545 691 613 Ηο6
724 565 742 612 0
774 547 845 612 1000
878 545 1080 630 intellegitur
1112 548 1212 614 etiam
1243 566 1332 615 anno
1362 553 1404 615 62

267 667 428 732 Lucilium
452 666 583 732 Siciliae
605 671 851 748 procuratorem
873 664 983 732 fuisse.

352 785 524 867 Epistulae
550 783 693 849 Senecae
716 784 817 850 dividi
837 789 977 866 possunt
998 786 1032 850 in
1055 785 1287 868 deceperas,
1320 807 1403 871 qua-

266 923 338 969 rum
361 903 477 983 altera,
497 922 599 985 usque
622 903 664 967 ad
687 903 1072 985 duodeseptuagesimam
1100 905 1143 969 ad
1164 906 1326 972 Lucilium
1351 907 1403 973 Si-

267 1024 361 1088 ciliae
384 1028 651 1105 procuratorem,
686 1022 792 1086 altera
826 1023 868 1087 ad
890 1022 1050 1088 Lucilium
1072 1023 1205 1089 Siciliae
1238 1044 1303 1091 non
1329 1026 1402 1108 J’am

266 1138 512 1224 procuratorem
535 1141 659 1221 scripta
681 1145 742 1206 est.
787 1141 880 1206 Η600
908 1146 1017 1207 autem
1039 1147 1168 1224 partem
1191 1143 1232 1208 ab
1254 1144 1402 1225 epistula

267 1260 599 1342 undeseptuagesima
620 1259 720 1341 incipi
743 1277 781 1325 eo
804 1266 957 1341 apparet,
986 1261 1073 1343 quod
1094 1262 1156 1328 hac
1177 1263 1319 1345 epistula
1342 1262 1402 1330 Se·

267 1398 348 1445 neca
370 1379 531 1444 Lucilium
566 1378 658 1458 „loca
688 1384 815 1443 mutare
849 1384 883 1444 ct
914 1379 1055 1462 quietem
1091 1385 1125 1446 et
1154 1382 1276 1464 prioris
1308 1384 1401 1451 ritae

267 1498 462 1565 oblivionem
486 1497 741 1578 interrumpere“
759 1497 911 1581 -vetat.¹²)

351 1618 430 1682 Inde
455 1618 603 1699 sequitur
635 1616 794 1698 epistulas
817 1617 1181 1700 undeseptuagesimam
1204 1624 1237 1685 61
1259 1639 1400 1704 660060-

266 1743 316 1802 tes
353 1737 550 1817 compositas
585 1754 658 1800 esse
690 1742 767 1816 post
791 1736 897 1800 locum
919 1736 1033 1801 Natur.
1059 1737 1191 1815 Quaest.
1224 1739 1328 1820 praef.
1353 1743 1400 1808 IV

263 1855 360 1935 libri,
395 1856 449 1937 qui
472 1859 617 1919 600062
642 1855 783 1935 scriptus
805 1859 865 1919 est.
912 1854 946 1919 Si
968 1859 1094 1920 rectum
1117 1854 1263 1922 ordinem
1287 1878 1400 1927 serva-

264 1976 312 2040 vit
335 1975 430 2055 epist.
456 1979 497 2038 70
520 1975 731 2039 statuendum
753 1978 820 2052 est,
845 1991 915 2037 cum
939 1973 979 2038 de
1001 1974 1167 2057 Pompejis
1190 1975 1232 2060 (ξ.
1259 1977 1291 2062 1)
1313 1997 1399 2061 0066

264 2099 341 2158 6016
364 2094 475 2157 Nonas
498 2093 654 2157 Februar.
678 2092 754 2156 anni
778 2096 817 2156 63
842 2091 929 2173 (Nat.
955 2092 1087 2170 Quaest.
1109 2093 1172 2172 VI,
1198 2100 1224 2175 1,
1251 2098 1282 2181 1)
1305 2103 1400 2165 motu

263 2218 427 2276 terrarum
462 2210 650 2274 consedisse
681 2215 795 2274 narrat
817 2209 940 2274 Seneca
973 2210 1021 2274 ita
1042 2210 1210 2296 loquatur,
1241 2220 1279 2280 ut
1304 2218 1398 2283 nullo

265 2329 365 2395 verbo
380 2327 540 2411 significet
551 2348 585 2394 se
598 2329 681 2393 hanc
693 2327 806 2393 urbem
819 2328 960 2394 dirutam
971 2329 1104 2410 vidisse,
1127 2331 1164 2398 ct
1178 2332 1261 2398 hanc
1272 2335 1400 2416 epistu-

262 2450 328 2514 lam
351 2453 427 2513 ante
449 2449 559 2513 Nonas
582 2447 737 2512 Februar.
768 2447 844 2511 anni
866 2452 907 2513 63
930 2448 1086 2530 scriptam
1108 2468 1191 2530 esse,
1215 2456 1254 2517 et
1274 2453 1398 2521 Lucili-

262 2587 316 2633 um
343 2566 406 2633 fine
426 2568 501 2632 anni
526 2571 565 2632 62
594 2585 708 2631 munus
734 2566 974 2648 procurationis
1003 2566 1204 2650 deposuisse.
1249 2571 1398 2650 Quarum

262 2705 435 2752 causarum
457 2704 574 2750 nexum
597 2685 765 2750 110661116
788 2687 995 2767 complectar.

282 2829 292 2849 ·
346 2807 439 2871 Anno
472 2808 512 2870 62
544 2804 689 2869 Lucilius
723 2802 853 2870 Siciliae
885 2811 1078 2886 procurator
1110 2811 1181 2887 est,
1215 2807 1255 2875 61.
1276 2809 1397 2877 Natur.

263 2925 394 3002 Quaest.
419 2924 473 2989 IV.
496 2922 599 3005 praef.
626 2928 660 3006 13

346 3042 431 3107 Ante
453 3042 564 3106 Nonas
586 3041 741 3106 Februar.
771 3043 848 3106 anni
876 3046 915 3108 63
938 3042 1086 3125 Pompeji
1114 3048 1206 3108 motu
1227 3049 1396 3114 terrarum

191 3140 195 3147 ¹
263 3161 479 3226 consederunt
501 3159 628 3242 (Natur.
654 3160 786 3238 Quaest.
810 3158 864 3223 VI.
891 3165 917 3223 1.
941 3161 990 3244 2);

344 3279 496 3362 Epistula
511 3284 561 3358 70,
588 3284 602 3342 1
626 3279 800 3360 Pompejos
823 3296 1006 3344 memorans
1024 3278 1147 3345 Seneca
1162 3281 1244 3345 nihil
1267 3281 1396 3349 dehoc

261 3404 352 3465 motu
375 3399 467 3477 dicit3
498 3398 574 3462 inde
597 3398 745 3481 sequitur
767 3398 849 3462 hanc
873 3397 1047 3478 epistulam
1070 3402 1146 3463 ante
1170 3399 1256 3464 diem
1277 3399 1396 3467 lauda·

259 3523 329 3583 tum
352 3518 508 3599 scriptam
531 3535 613 3582 esse.

344 3637 437 3701 Hanc
460 3635 634 3717 epistulam
658 3636 823 3703 antecedit
855 3636 950 3717 epist.
974 3639 1013 3699 69
1050 3633 1148 3717 (0066
1178 3636 1280 3717 igitur
1314 3643 1394 3704 ante
1486 3622 1493 3638 ’

260 3754 435 3837 epistulam
458 3758 499 3818 70
522 3754 645 3835 scripta
668 3754 731 3837 661)
766 3754 800 3818 10
833 3771 897 3835 006
918 3752 1078 3818 Lucilium
1100 3772 1165 3818 non
1183 3754 1253 3836 jam
1274 3774 1394 3837 procu·

284 4161 327 4228 12)
346 4160 438 4216 Voces
455 4159 526 4214 enirn
544 4158 658 4230 „prioris
675 4157 766 4212 vitae“
784 4157 863 4212 aliter
879 4172 941 4213 mea
963 4172 989 4227 0.
1007 4174 1028 4215 ι.
1050 4156 1180 4228 explicari
1197 4174 1252 4214 non
1268 4164 1390 4230 possunt

345 4277 427 4338 quam
445 4261 576 4318 Senecam
593 4261 810 4333 procurationem
826 4261 914 4316 Lucili
932 4260 1110 4333 significasse.
