2992 4926
468 1301 474 1311 ι
523 1098 526 1104 ¹
611 1150 768 1286 eaput
804 1151 869 1266 ll.

674 1451 827 1459 ——-—-—

263 1682 379 1764 Capite
406 1683 517 1764 priore
552 1684 694 1751 Senecae
723 1686 791 1751 vita
819 1687 984 1770 descripta
1011 1688 1073 1753 hoc
1096 1688 1136 1753 de
1157 1692 1308 1767 tempore

177 1823 282 1886 agam,
306 1823 368 1886 quo
387 1804 515 1886 singula
532 1805 601 1886 ejus
618 1807 742 1886 scripta
757 1824 840 1888 quae
856 1807 898 1872 ad
913 1826 973 1872 nos
988 1810 1218 1889 pervenerunt,
1235 1824 1307 1869 eum

177 1924 398 2004 composuisse
420 1928 542 2004 putem.

262 2043 547 2109 Demonstravisse
570 2062 622 2107 me
645 2044 756 2123 credo,
786 2043 882 2126 hujus
913 2044 975 2110 viri
1003 2043 1104 2110 vitam
1128 2044 1311 2125 occupatis-

177 2165 293 2228 simam
324 2163 465 2244 negotiis
493 2162 634 2243 publicis
658 2180 786 2243 semper
808 2161 919 2228 fuisse.
965 2164 1027 2243 Qui
1050 2169 1159 2230 autem
1181 2164 1311 2229 Nerone

176 2287 334 2363 regnante
348 2287 380 2345 et
391 2281 571 2361 principem
582 2287 615 2346 et
632 2281 717 2346 cives
733 2281 870 2363 imperio
887 2283 993 2348 tenuit
1014 2301 1067 2348 res
1091 2284 1160 2365 eJus
1186 2263 1311 2364 tempo-

177 2403 234 2479 ris,
259 2420 321 2482 quo
347 2401 488 2481 scripsit,
512 2420 576 2464 non
599 2401 662 2466 nisi
684 2401 852 2466 rarissime
874 2407 907 2467 et
923 2402 1110 2468 cautissime
1128 2400 1311 2484 significare

175 2520 284 2601 potuit
307 2519 357 2600 (cf.
381 2519 475 2600 epist.
496 2525 565 2585 118.
579 2524 608 2583 2.
635 2520 836 2603 „Numquam
858 2512 969 2602 potest
985 2522 1100 2587 deesse
1122 2522 1208 2604 quod
1231 2521 1309 2586 scri-

177 2641 268 2718 bam,
298 2642 334 2702 ut
364 2639 472 2703 omnia
501 2639 560 2703 illa
583 2657 665 2719 quae
691 2637 856 2704 Ciceronis
879 2640 1017 2720 implent
1039 2640 1197 2723 epistulas
1219 2645 1309 2705 tran·

179 2779 287 2837 seam,
332 2757 405 2840 quis
447 2757 640 2822 candidatus
671 2756 817 2838 laboret,
852 2759 924 2840 quis
961 2758 1093 2839 alienis,
1133 2759 1206 2842 quis
1240 2759 1308 2825 suis

63 2932 72 2954 ,
177 2878 301 2942 viribus
333 2882 457 2958 pugnet
491 2895 516 2942 e.
540 2896 570 2959 q.
594 2895 619 2941 s.
644 2875 683 2940 cs.
717 2876 821 2942 Haasi
851 2876 1031 2960 praeteri
1063 2879 1197 2944 tertium
1229 2879 1307 2944 edit.

178 2996 239 3060 vol.
263 3015 294 3076 p.
311 2995 351 3079 Ι.)

266 3115 482 3193 Quamobrem
506 3133 523 3180 e
546 3114 696 3196 plurimis
713 3113 855 3181 Senecae
878 3115 1009 3197 scriptis
1033 3134 1159 3181 summa
1180 3121 1309 3182 tantum

179 3255 249 3300 cum
274 3232 464 3299 difficultate
487 3234 635 3316 intellegi
657 3239 786 3316 potest
800 3254 863 3318 quo
887 3253 970 3301 anno
992 3235 1174 3316 composita
1197 3237 1272 3301 sint.

265 3354 346 3420 Cum
367 3354 467 3436 igitur
488 3354 638 3434 primum,
661 3354 777 3435 quibus
800 3355 894 3419 annis
917 3352 1049 3435 dialogi,
1079 3373 1160 3436 quos
1181 3361 1308 3435 vocant,

179 3475 351 3555 compositi
375 3474 441 3538 sint
463 3472 752 3538 demonstrandum
779 3472 954 3554 suscipiam
978 3473 1035 3538 illo
1059 3473 1171 3538 stetim
1195 3474 1308 3539 ordine

180 3595 219 3657 cle
242 3594 306 3658 illis
330 3594 454 3675 loquar,
479 3612 541 3674 quo
564 3611 620 3657 eos
643 3593 841 3672 compositos
865 3610 936 3656 esse
958 3596 1048 3672 puto.
