2992 4926
334 1088 335 1092 ,
422 1018 476 1095 lo
505 1019 705 1097 Gallionem
733 1022 781 1099 de·
804 1021 883 1099 vita
909 1020 1028 1102 beata.

641 1168 724 1236 onaan.
742 1169 817 1238 vn.)

628 1328 830 1336 ψ.-

247 1458 273 1520 Ε
297 1460 393 1522 titulo
417 1459 529 1523 statim
559 1465 592 1522 et
615 1478 653 1524 ex
676 1459 872 1523 allocutione
897 1459 1024 1533 „Gallio
1047 1459 1168 1524 frater“
1195 1478 1292 1540 appa-

160 1582 228 1654 ret,
262 1583 339 1657 post
325 1578 480 1641 tNovati
509 1579 755 1658 adoptationem
778 1577 863 1641 hunc
884 1578 1004 1643 librum
1029 1579 1186 1659 scriptum
1210 1596 1293 1642 esse

162 1695 289 1759 Titulus
314 1714 377 1759 non
395 1697 707 1776 cumtootoscripto
732 1697 974 1776 convenittsed
999 1716 1070 1761 cum
1092 1697 1163 1760 sola
1184 1696 1294 1776 priore
1358 1742 1360 1746 .

146 1819 266 1893 parte.
314 1796 384 1891 Qua
415 1821 510 1893 parte
477 1815 675 1894 t,Seneca
708 1815 785 1895 quid
819 1815 863 1879 sit
849 1816 995 1880 tbeate
1029 1816 1139 1879 vivere
1162 1814 1295 1893 exponit

159 1951 261 2013 usque
296 1934 337 1996 ad
360 1938 459 2014 caput
481 1937 552 1997 sext
554 1952 608 1996 um
631 1933 806 2013 decimum,
836 1937 942 2015 quot
944 1938 1032 1997 etam
1062 1933 1247 1997 demontt
1180 1938 1247 1997 ra
1249 1950 1295 1996 10-

159 2069 233 2114 nem
257 2051 303 2114 sic
331 2050 418 2117 finit:
460 2070 556 2132 „ergo
587 2052 620 2115 in
653 2053 775 2116 virtute
804 2052 914 2132 posita
949 2057 1001 2116 est
1022 2068 1099 2115 vera
1121 2050 1223 2115 felicit
1209 2056 1292 2115 tas‘t

164 2169 320 2250 Sequitur
344 2170 450 2234 altera
471 2189 550 2250 pars
574 2170 691 2234 mutila
718 2170 751 2234 in
774 2167 852 2250 fine,
880 2189 944 2251 qua
973 2187 1008 2235 se
1039 2170 1080 2234 ab
1109 2169 1293 2250 opprobriis

160 2288 422 2352 adversariorum
447 2288 608 2367 defendit,
633 2289 687 2370 qui
713 2288 830 2361 „aliter
852 2289 996 2370 loqueris
1020 2288 1117 2353 aliter
1138 2289 1238 2353 vivis“
1263 2290 1293 2353 ei

160 2407 421 2487 obstrepuerunt.
454 2406 579 2485 Quaen
601 2411 696 2487 parte
717 2405 871 2471 facillime
893 2413 1033 2488 tempus,
1057 2426 1120 2489 quo
1144 2408 1292 2488 dialogus

159 2527 359 2606 compositus
385 2527 438 2605 sit,
463 2530 655 2590 s.tatuemus

244 2644 320 2708 Init
296 2649 342 2708 no
355 2651 455 2725 cap
461 2645 615 2726 7.tlegun
617 2664 655 2708 ur
678 2644 865 2725 opprobria,
889 2642 1006 2724 quibus
1030 2642 1267 2710 adversarios
1259 2667 1292 2709 111

106 2744 116 2756 ”“
158 2783 194 2828 se
230 2765 388 2844 impetum
423 2763 542 2828 facient
528 2769 578 2828 tes
602 2761 696 2844 fingit
717 2762 948 2843 philosophus,
983 2779 1066 2843 quae
1089 2781 1201 2827 ornnes
1223 2763 1291 2828 fere

159 2882 199 2945 ad
223 2882 257 2945 id
279 2902 378 2946 unum
403 2886 554 2962 spectant
568 2881 809 2962 philosophum,
834 2881 889 2961 qui
913 2899 947 2945 se
970 2881 1058 2945 vitae
1081 2881 1167 2946 bona
1189 2882 1291 2964 negli-

158 3019 235 3082 gere
258 3000 414 3078 dixisset,
449 3000 598 3064 maximis
630 3004 741 3064 tamen
775 2999 899 3065 divitiis
932 3003 964 3062 et
991 2997 1131 3064 fructum
1163 3019 1235 3065 esse
1259 3007 1292 3066 ef
1361 3070 1364 3075 ,

158 3118 236 3197 frui,
267 3120 353 3200 quod
381 3119 613 3201 philosophum
642 3118 694 3183 vel
722 3103 903 3200 sapientem
932 3136 996 3182 non
1026 3119 1150 3182 decere.
1198 3121 1290 3197 Quod
1378 3129 1381 3133 ’

159 3239 281 3301 Seneca
305 3238 500 3303 contrahas
524 3238 748 3303 accusationes
773 3239 855 3301 mira
876 3238 1005 3302 ratione
1029 3255 1101 3301 sese
1116 3236 1289 3303 defendere

158 3357 288 3435 studet,
323 3363 368 3435 ut,
404 3362 437 3421 et
460 3357 642 3439 sapientem
667 3375 701 3421 se
724 3375 789 3420 non
813 3374 885 3421 esse
930 3357 994 3439 (17.
1020 3355 1064 3437 3.)
1089 3361 1123 3420 et
1144 3357 1290 3435 philoso-

156 3476 256 3555 phum
289 3475 423 3539 meliore
459 3477 555 3540 modo
589 3475 713 3540 divitiis
751 3476 801 3538 uti
833 3493 930 3556 quarn
967 3473 1172 3554 voluptatum
1215 3493 1290 3540 con·

157 3600 358 3672 sectatores,
393 3595 570 3659 contendat
598 3612 682 3657 nunc
720 3594 835 3657 omitto
869 3610 1047 3674 quaerens,
1079 3593 1134 3673 qui
1167 3591 1289 3660 fuerint

88 3770 90 3774 1
158 3712 300 3792 Senecae
324 3712 584 3778 obtrectatores?
628 3712 740 3794 Neque
773 3712 852 3775 mihi
876 3712 1008 3777 dubium
1031 3715 1098 3790 est,
1129 3714 1206 3794 quin
1234 3714 1290 3778 Se-

157 3852 236 3897 neca
269 3853 289 3896 a
316 3833 430 3897 Suillio
459 3836 631 3897 accusatus
663 3851 728 3896 non
757 3831 852 3895 mooe
885 3831 1024 3895 aliorum
1046 3834 1083 3894 ut
1107 3830 1219 3896 Sereni
1243 3834 1290 3897 in-

157 3952 380 4034 dignationem
413 3953 570 4030 moverit,
607 3950 665 4015 sed
698 3950 798 4015 etiam
821 3969 841 4014 a
867 3949 969 4014 fratre
993 3949 1214 4032 interrogatus
1236 3953 1289 4032 sit,
1382 3996 1386 4002 -

157 4072 270 4153 quidni
303 4089 374 4135 sese
399 4069 609 4135 defendisset.
655 4069 739 4133 Miro
763 4069 849 4132 enim
873 4070 969 4133 modo
992 4069 1146 4133 nonnulla
1170 4088 1209 4134 ex
1232 4069 1290 4134 Su-

156 4190 204 4254 illi
228 4196 323 4255 etex
346 4208 400 4270 ea,
424 4208 520 4270 quam
543 4190 629 4270 apud
651 4189 790 4253 Dionem
814 4187 910 4268 (LXI.
938 4186 1002 4271 10.)
1026 4187 1174 4268 legimus,
1198 4207 1290 4254 accu-

158 4311 286 4375 satione
310 4329 381 4374 cum
406 4310 548 4375 Senecae
570 4306 680 4409 verbis
705 4325 774 4386 cap.
802 4312 839 4370 17
865 4311 1055 4387 congruunt.
