2992 4926
726 327 763 400 51

180 556 377 617 tractantem
399 553 577 634 inceperat,
598 551 779 635 perficeret,
804 552 896 619 illum
919 553 992 619 dico
1016 554 1158 620 alacrem
1178 554 1213 619 in
1224 555 1309 636 epis-

181 671 259 735 tulis
282 670 462 736 scribendis
483 690 549 736 non
570 671 773 738 habebimus,

242 789 364 871 Longa,
375 809 416 855 ne
427 790 533 856 dicam
545 791 746 873 longissima,
758 790 932 857 intervalla
940 772 1275 873 intersingulasepist
1297 827 1310 839 -

180 908 228 973 las
241 909 418 973 amicorum
428 929 493 974 non
504 929 579 975 raro
593 911 760 976 exstitisse
772 928 811 974 ex
822 910 913 988 looiS,
927 928 1007 991 quos
1019 910 1150 975 laudavi
1161 914 1309 990 apparet.

181 1027 261 1092 Cum
274 1030 418 1107 accedat,
442 1029 529 1111 qnod
548 1029 702 1109 Senecae,
726 1047 807 1111 quas
824 1046 884 1093 nos
902 1027 1051 1109 legimus
1075 1027 1233 1108 epistulas
1245 1046 1311 1093 non

180 1164 292 1210 omnes
304 1152 381 1211 sunt
393 1166 473 1228 quas
486 1148 528 1211 ad
536 1148 696 1213 Lucilium
705 1148 892 1228 scripserat,
915 1146 1001 1228 quod
1018 1164 1116 1227 porro
1130 1147 1215 1212 alter
1230 1146 1311 1211 alte-

179 1265 248 1329 rius
265 1265 424 1346 epistulas
446 1271 636 1348 exspectare
654 1266 774 1348 debuit,
786 1271 823 1330 ut
838 1265 880 1330 ad
897 1283 952 1330 eas
964 1265 1164 1346 respondere
1180 1265 1310 1329 omnino
1345 1249 1349 1255 ⁵

180 1387 302 1462 posset,
323 1382 447 1449 Seneca
460 1390 570 1449 autem
583 1383 623 1449 ab
637 1383 741 1450 amico
753 1385 851 1465 longo
865 1384 972 1464 spatio
987 1383 1110 1448 divisus
1123 1388 1204 1463 erat,
1224 1384 1311 1465 quod

180 1502 250 1581 ipse
263 1501 310 1566 ita
320 1503 431 1582 prodit
443 1502 507 1584 (ep.
517 1508 567 1568 71.
582 1505 670 1587 1)¹⁰).
690 1502 853 1576 „Subinde
863 1520 915 1565 me
929 1502 968 1566 de
980 1502 1078 1567 rebus
1088 1502 1225 1583 singulis
1238 1520 1312 1567 eon-

182 1619 270 1698 sulis,
288 1620 408 1684 oblitus
423 1625 516 1686 vasto
540 1639 600 1685 nos
622 1622 705 1686 mari
729 1621 846 1701 dividi,
864 1639 936 1684 cum
959 1639 1077 1702 magna
1091 1639 1169 1701 pars
1186 1619 1312 1685 consilii

182 1739 287 1803 estin
311 1744 469 1820 tempore,
490 1758 623 1806 necesse
646 1745 697 1805 est
719 1741 849 1805 evenire
871 1746 908 1805 ut
931 1739 971 1804 de
994 1739 1188 1821 quibusdam
1214 1738 1311 1803 nebus

182 1862 258 1921 tunc
292 1856 335 1921 ad
368 1862 402 1923 te
434 1856 621 1938 perferatur
643 1859 806 1924 sententia
839 1877 912 1923 mea
945 1877 1017 1923 cum
1046 1856 1115 1940 jam
1150 1858 1313 1922 contraria

180 1975 291 2056 potior
313 1980 394 2055 est“,
420 1995 491 2041 cum
514 1977 595 2043 haec
618 1978 718 2059 igitur
740 1977 788 2042 ita
811 1977 886 2056 sint,
909 1981 1067 2043 centum
1091 1994 1157 2041 sex
1178 1980 1340 2055 poste,
1392 2045 1394 2047 .

180 2094 316 2158 riores
345 2096 553 2175 epistulas
585 2095 635 2160 ad
662 2095 864 2161 Lucilium
887 2115 907 2159 a
930 2094 1079 2160 Seneca
1102 2094 1312 2174 conscrip-

182 2221 247 2279 tas
285 2233 372 2280 esse
410 2214 561 2279 duobus
599 2214 785 2299 annisu)
822 2215 890 2280 vel
925 2213 1125 2278 mensibus
1162 2212 1312 2294 viginti

183 2331 403 2415 (Lehmannus
427 2333 467 2397 de
491 2331 604 2396 Claud.
622 2338 656 2397 et
671 2333 746 2397 Ner.
770 2352 802 2414 p.
822 2332 874 2415 17)
897 2351 1013 2414 nego.
1059 2331 1179 2397 Statim
1203 2337 1312 2404 autem

181 2456 320 2532 tempus,
342 2456 418 2516 ante
442 2450 528 2533 quod
549 2469 627 2533 pars
650 2451 766 2515 harum
789 2469 862 2532 epp.
880 2451 1004 2531 scripta
1027 2468 1099 2516 esse
1122 2468 1187 2514 non
1201 2454 1312 2531 potest

181 2568 390 2636 manifestum
413 2576 473 2635 est.

267 2687 373 2769 Supra
383 2688 607 2754 demonstrare
624 2688 732 2755 conati
748 2706 858 2754 sumus
882 2691 1037 2770 quattuor
1058 2687 1185 2768 priores
1197 2687 1310 2752 Natur.

182 2807 313 2884 Quaest.
345 2807 448 2873 libros
483 2807 622 2888 scriptos
656 2806 759 2872 fuisse
792 2825 876 2871 anno
910 2811 960 2871 62.
1005 2806 1043 2870 In
1065 2806 1174 2888 quarti
1197 2806 1312 2870 barrum

123 2987 129 2997 ,
155 2934 157 2940 ’
181 2926 408 3007 quaestionum
430 2925 506 2990 libri
527 2924 732 3005 praefatione
756 2924 880 2990 Seneca
901 2923 982 2989 haec
1005 2924 1102 2989 dicit:
1151 2924 1312 2997 „delectat

180 3049 214 3108 te
237 3043 510 3125 quemadmodum
533 3044 670 3123 scribis,
704 3043 830 3123 Lucili,
854 3043 997 3108 virorum
1020 3043 1164 3124 optime,
1199 3042 1312 3109 Sicilia

181 3167 214 3226 et
235 3163 476 3241 procurationis
500 3163 626 3228 otiosae
650 3160 807 3242 officium,
831 3160 1072 3243 delectabitque
1095 3161 1123 3226 si
1146 3162 1311 3227 continere

182 3279 216 3344 id
249 3280 336 3344 intra
367 3278 447 3346 fines
481 3300 557 3346 suos
586 3282 728 3347 volueris
757 3299 817 3346 nec
839 3278 967 3345 efficere
998 3280 1191 3361 imperium,
1226 3281 1313 3362 quod

182 3511 537 3526 Ἢ.-

214 3689 257 3757 10)
275 3686 369 3746 Verba
385 3686 489 3760 primae
507 3690 529 3757 ς.
550 3704 592 3761 ep.
610 3686 645 3744 50
657 3685 823 3762 ,epistulam
840 3692 916 3744 tuam
934 3686 1028 3759 accepi
1045 3692 1109 3758 post
1125 3686 1224 3744 multas
1241 3703 1314 3744 men·

270 3806 332 3860 aes,
360 3808 440 3862 qnam
459 3794 588 3849 miserasi
606 3791 659 3847 hoc
677 3792 738 3846 loco
755 3791 867 3846 laudare
893 3791 955 3846 nolo
973 3791 1043 3846 infra
1060 3791 1095 3846 de
1112 3791 1164 3846 hac
1181 3793 1258 3860 epist.
1276 3791 1314 3846 lo·

251 3899 370 3950 cutuma.

209 4048 254 4114 11)
273 4045 334 4103 Hoc
351 4047 421 4102 enim
441 4054 507 4117 quot
524 4047 580 4104 ridi
599 4063 693 4104 omnes
711 4064 757 4103 vv.
775 4047 820 4101 dd.
829 4088 837 4117 ‚
869 4052 979 4118 praeter
1001 4062 1083 4104 unum
1106 4045 1313 4117 Bernhardyum

268 4150 480 4220 contenderunt,
499 4151 545 4219 qui
563 4151 641 4205 annis
658 4150 744 4204 811-
755 4151 807 4203 818
826 4150 950 4218 (oa-65
967 4165 995 4218 p.
1013 4150 1054 4215 Ο.)
1073 4151 1237 4218 compositas
1253 4149 1314 4204 illan

266 4255 353 4323 putat

1061 4355 1106 4423 4*
