2992 4926
684 339 726 414 27

141 565 371 651 quadrupedes
395 584 494 632 cavea
516 566 659 632 coercuit
687 572 744 633 aut
770 566 897 632 medios
920 585 1012 633 serra
1034 566 1272 633 dissecuit...

143 687 313 753 Atellanae
336 690 469 767 poetam
491 684 533 752 ob
557 684 700 768 ambigui
718 686 994 769 jociversiculum
1016 686 1126 752 media
1148 683 1274 768 amphi-
1379 756 1382 763 ,

143 804 265 873 theatri
288 821 389 870 arena
410 804 478 886 igni
501 805 685 873 cremarit.“

226 922 345 989 Verbis
368 922 512 990 Senecae
530 922 666 991 Suetoni
681 924 783 993 verba
797 925 1010 1009 respondent,
1031 942 1137 1009 neque
1160 922 1273 989 dubito

143 1044 222 1128 quin
245 1042 368 1109 Seneca
383 1042 412 1106 l.
435 1043 457 1109 l.
481 1042 524 1108 ad
547 1041 730 1124 Caligulam
752 1041 886 1109 referat

230 1161 324 1240 Quod
346 1161 375 1226 si
391 1179 503 1226 verum
520 1167 571 1226 est
586 1135 706 1226 statim
723 1168 872 1244 apparet,
897 1161 977 1245 Cajo
993 1161 1066 1227 vivo
1082 1161 1164 1227 haec
1179 1160 1278 1227 scribi

144 1281 329 1365 nequivisse
349 1279 528 1362 eodemque
546 1280 642 1345 modo
662 1287 791 1347 constat
803 1281 975 1348 Claudium
992 1281 1278 1367 iracundissimum

143 1401 309 1468 bominem
331 1399 448 1479 fuisse,
478 1416 583 1481 neque
614 1399 728 1466 dubito
751 1402 830 1483 quin
852 1402 1020 1483 prooemio
1043 1399 1141 1484 primi
1165 1398 1205 1464 de
1228 1399 1279 1464 ira

144 1520 221 1587 libri
245 1519 368 1586 Seneca
390 1517 562 1584 Claudium
585 1518 808 1600 descripserit,
830 1519 944 1613 rideas
967 1520 1053 1586 enim
1076 1523 1278 1602 quantopere

145 1639 225 1722 ejus,
249 1655 447 1722 quamquam
467 1637 596 1720 longior
619 1642 684 1718 est,
713 1656 786 1703 cum
815 1637 952 1705 Suetoni
981 1639 1060 1705 irati
1083 1637 1199 1704 Claudi
1223 1636 1278 1701 de-

147 1756 324 1838 scriptione
347 1761 526 1838 congruat,
559 1774 656 1838 quam
689 1756 828 1838 legimus
852 1757 960 1839 capite
984 1762 1026 1824 30
1049 1755 1167 1822 Claudi
1188 1755 1278 1820 ritae

93 1934 95 1939 ,
149 1877 253 1955 „risus
276 1875 421 1956 indatus,
443 1875 494 1940 ira
515 1875 652 1956 turpior,
676 1881 849 1957 spumante
870 1877 965 1957 rictu,
987 1875 1198 1942 humantibus
1220 1892 1279 1939 na·

145 1994 247 2075 ribus,
269 2000 424 2076 praterea
445 1995 577 2077 linguae
599 1993 779 2060 titubantia
794 2000 956 2078 caputque
972 2013 1044 2060 cum
1060 2010 1190 2077 semper
1211 1999 1282 2059 tum

146 2113 181 2179 in
202 2114 499 2197 quantulocumque
513 2112 566 2178 vel
587 2112 728 2178 maximo
754 2115 961 2180 tremulum‘.
991 2113 1160 2180 Facillime
1184 2111 1282 2179 Sene-

147 2251 218 2298 cam
240 2233 426 2313 bominem,
460 2233 552 2315 cujus
585 2232 636 2297 ira
669 2231 843 2299 notissima
865 2239 953 2315 erat,
983 2234 1077 2317 quasi
1099 2231 1282 2314 exemplum

148 2370 276 2418 sumere
291 2353 402 2434 putuit
423 2352 456 2416 in
472 2349 694 2417 describendis
717 2353 813 2417 malis
835 2370 875 2418 ex
896 2353 947 2419 ira
961 2352 1153 2432 orientibus,
1175 2367 1281 2433 neque

148 2471 320 2539 credamus
341 2475 473 2553 oportet
493 2469 789 2554 illumjprincipen
804 2459 1042 2552 significantem
1062 2472 1172 2537 omnia
1185 2468 1281 2552 nujus

149 2591 219 2659 irae
243 2591 337 2674 signa
360 2588 546 2656 describere
568 2588 731 2655 debuisse.

213 2709 360 2793 Scriptus
372 2710 473 2792 igitur
484 2726 557 2775 esse
569 2708 630 2774 hos
641 2708 744 2774 libros
760 2725 863 2774 annos
879 2707 1130 2791 quadragesimo
1145 2702 1281 2790 prima)

149 2834 227 2914 post
250 2829 419 2912 Caligulae
441 2832 581 2893 mortem
604 2832 638 2893 et
660 2831 736 2892 ante
760 2825 903 2893 Senecae
926 2827 1058 2893 exilium
1079 2830 1175 2909 puto;
1200 2843 1283 2891 sem·

151 2968 211 3033 per
240 2949 327 3015 enim
361 2948 396 3013 id
423 2946 517 3012 nobis
541 2946 649 3011 animo
671 2946 848 3011 tenendum
871 2952 931 3027 est,
956 2945 1113 3011 Senecam
1136 2943 1300 3024 fratrem,

152 3087 248 3153 quern
271 3067 416 3150 alioquin
438 3084 568 3149 semper
590 3064 774 3130 Gallionem
796 3070 908 3145 vocat,
937 3083 1002 3131 non
1031 3065 1094 3130 nisi
1117 3064 1168 3130 his
1190 3063 1284 3129 libris

39 3209 40 3213 ¹
151 3190 315 3277 Nouatum
347 3184 525 3268 appellare.
574 3184 644 3250 Hos
666 3184 767 3266 igitur
782 3184 891 3250 ‘libros
914 3183 1057 3251 Senecae
1078 3184 1286 3266 scriptorum,

152 3325 236 3392 quae
259 3307 302 3372 ad
323 3322 383 3370 nos
405 3308 634 3387 pervenerunt,
657 3303 851 3370 veterrimos
874 3320 947 3368 esse
971 3301 1176 3386 contendo.³)

152 3513 508 3522 ---—--—-——----
560 3507 567 3515 ¹

195 3645 223 3712 2)
241 3644 348 3700 Clinton
368 3644 397 3698 F.
416 3643 448 3698 R.
466 3643 487 3696 l.
510 3659 537 3712 p.
549 3643 591 3697 25.
615 3657 670 3696 non
693 3641 740 3695 diu
760 3646 824 3710 post
842 3640 983 3709 Caligulae
1004 3645 1118 3695 mortem
1135 3639 1186 3694 hos
1203 3638 1288 3694 libros

241 3746 408 3815 compositos
426 3749 589 3815 esseputans
602 3744 763 3800 sententiam
778 3759 856 3799 suam
866 3743 959 3799 verbis
972 3743 1037 3798 dial.
1046 3742 1080 3798 V.
1095 3743 1136 3797 18.
1146 3744 1171 3797 3.
1184 3739 1288 3812 ,modo

238 3843 270 3904 C.
288 3849 407 3904 Caesar“
426 3863 450 3902 e.
468 3863 494 3916 q.
513 3863 534 3902 s.
552 3847 648 3902 fultam
666 3846 762 3902 credit
797 3846 886 3915 Supra
905 3847 964 3916 jam
990 3844 1175 3900 demonslravi
1188 3872 1190 3874 ·
1201 3850 1238 3913 (p.
1251 3844 1287 3904 5.)

210 3966 214 3977 ·
242 3952 374 4007 Senecam
392 3950 444 4004 bac
460 3965 530 4005 voce
548 3950 630 4005 etiarn
647 3949 761 4019 longum
778 3954 886 4017 tempus
903 3948 1032 4003 indicare.
1108 3956 1111 3962 ⁴

198 4093 225 4157 3)
244 4091 278 4148 cf.
296 4104 367 4161 qnae
385 4087 515 4143 adnotavi
532 4087 725 4156 adDialogum
743 4090 851 4141 sextum
869 4084 1044 4140 adnotatione
1062 4088 1159 4152 quarta
1172 4083 1211 4151 (p.
1223 4082 1287 4149 31.).

523 4327 929 4353 m
