2992 4926
756 364 801 434 20

215 593 306 667 puto,
330 587 416 669 quod
438 591 475 652 ut
490 594 637 653 servaret
656 592 707 653 tot
728 587 875 670 pericula
891 587 1046 653 subierat.
1076 587 1208 654 Tacitus
1220 588 1350 669 quidem

216 707 372 786 conticet,
396 705 483 788 quod
505 706 569 771 Dio
592 706 695 772 tradit
717 707 818 772 LXII.
843 711 898 771 25:
931 706 1087 772 Senecam
1119 707 1251 772 divitias
1274 726 1350 771 suas

216 827 339 890 Neroni
372 824 491 889 donum
519 825 648 890 dedisse
677 826 720 891 ad
743 823 893 891 aedificia
921 827 1070 892 inccndio
1094 826 1202 892 deleto
1225 831 1351 891 restau-

214 944 357 1028 randal)
404 943 527 1009 Seneca
558 944 680 1010 divitiis
712 945 846 1010 orbatus
868 945 991 1010 Neroni
1021 947 1138 1028 dignus
1160 945 1263 1011 videri
1285 964 1351 1010 nou

215 1064 333 1144 potuit,
358 1049 450 1142 cujus
465 1062 555 1126 vitae
569 1063 792 1143 insidiaretur,
816 1064 1027 1145 quamobrem
1043 1082 1107 1128 non
1125 1065 1248 1144 dubito,
1273 1065 1351 1145 quin

214 1183 301 1250 Nero
325 1200 398 1245 eum
422 1179 565 1262 quietem
588 1199 686 1262 agere
708 1201 826 1262 passus
849 1189 960 1263 esset,
994 1183 1059 1248 nisi
1082 1184 1178 1248 homo
1202 1183 1349 1262 callidus,

215 1306 251 1365 ut
274 1301 378 1364 denuo
402 1318 437 1364 re
452 1299 541 1380 publ.
557 1299 819 1366 administranda
841 1301 1041 1367 auctoritate
1057 1299 1221 1367 frueretur
1237 1307 1351 1366 contra

215 1420 448 1499 imperatorem
472 1418 685 1500 conjurasset.

304 1538 405 1602 Totus
427 1537 568 1618 populus
593 1537 754 1602 Romanus
787 1538 949 1605 Neronem
984 1540 1152 1604 detestans
1180 1539 1249 1619 jam
1281 1538 1351 1602 lon·

216 1677 291 1740 gum
314 1676 374 1738 per
396 1662 525 1736 tempus
548 1656 590 1722 ab
614 1674 651 1721 eo
675 1657 809 1722 liberari
834 1663 969 1724 conatus
993 1663 1053 1727 est.
1097 1657 1227 1738 Optime
1250 1657 1350 1738 igitur

214 1779 344 1842 Tacitus
369 1777 409 1857 (c.
432 1777 500 1860 49.)
528 1775 694 1853 ,initium‘
720 1777 835 1857 inquit,
862 1778 1103 1860 ,conjurationi
1131 1794 1194 1840 non
1219 1795 1239 1840 a
1262 1775 1350 1855 cupi*

216 1898 292 1961 dine
315 1895 377 1960 fuit
398 1912 458 1959 nec
478 1900 588 1958 tamen
600 1893 696 1959 facile
708 1897 967 1976 memoraverim,
991 1897 1064 1979 quis
1087 1896 1211 1977 primus
1225 1900 1349 1973 auctor,

215 2017 305 2098 quus
329 2015 486 2079 instinctu
510 2013 672 2077 concitum
695 2013 748 2092 sit,
773 2014 859 2095 quod
882 2020 950 2078 tam
982 2015 1076 2079 multi
1107 1997 1345 2094 sumpserunt.“

299 2133 508 2214 Propositum
530 2131 625 2213 hujus
649 2132 905 2214 conjurationis,
940 2152 1037 2215 quam
1057 2132 1186 2198 Pisonis
1219 2114 1350 2210 vocant,

215 2255 378 2320 diversum
402 2253 554 2332 traditur,
578 2251 635 2316 alii
657 2256 694 2315 ut
712 2251 788 2316 Piso
811 2251 992 2332 imperator
1014 2250 1117 2332 fieret,
1142 2250 1199 2315 alii
1221 2254 1258 2315 ut
1273 2253 1350 2331 post

215 2373 377 2456 „occisum
383 2372 511 2436 Pisonis
522 2389 622 2451 opera
631 2370 793 2434 Neronem
804 2371 880 2435 Piso
894 2388 1021 2453 quoque
1036 2368 1274 2435 interficeretur
1285 2375 1349 2434 tra-

215 2493 411 2574 dereturque
426 2490 598 2572 imperium
618 2489 778 2554 Senecae“
795 2490 1051 2554 destinaverunt.
1076 2489 1215 2567 Quinam
1232 2488 1265 2552 hi
1282 2487 1350 2551 iue-

214 2612 309 2676 rnnt‘?
329 2610 615 2676 Praetorianornm
640 2591 747 2686 duces,
772 2626 888 2688 nempe
906 2606 1041 2673 Subrius
1057 2609 1176 2672 Flavus
1197 2607 1349 2672 tribunus

214 2729 401 2811 praetoriae
423 2727 567 2793 cohortis
590 2746 661 2791 cum
685 2727 928 2791 centurionibus
951 2727 1041 2792 volut
1064 2725 1207 2807 Sulpicio
1230 2725 1347 2805 dspro.

216 2848 303 2929 (Tac.
326 2847 394 2911 XV.
419 2851 459 2910 65
484 2851 517 2910 et
537 2847 604 2930 49).
649 2845 834 2910 Verisimile
858 2851 909 2910 est
931 2844 1087 2910 Senecam
1100 2844 1270 2924 militibus,
1295 2843 1350 2924 qui

214 2966 318 3030 Burro
332 2965 435 3030 amico
449 2962 632 3028 fidelissimi
645 2963 782 3043 fucrant,
796 2962 957 3029 confidere
970 2965 1127 3045 potuisse.
1153 2962 1276 3028 Seneca
1289 2961 1350 3043 igi-

214 3091 269 3149 tur
283 3102 348 3148 non
359 3084 429 3148 dico
447 3089 545 3163 caput
560 3084 662 3148 totius
679 3083 913 3165 conjurationis
930 3082 989 3148 sed
1005 3083 1112 3147 socius
1137 3081 1350 3163 gravissimus

215 3202 277 3267 fuit
316 3221 388 3267 cum
420 3220 493 3266 eum
526 3201 729 3282 praetoriani
763 3207 986 3283 sequerentur.
1041 3200 1215 3266 Dubitanti
1247 3200 1350 3281 igitur

216 3322 339 3400 Tacito,
369 3320 511 3399 „Seneca
533 3319 619 3385 forte
642 3339 684 3384 an
707 3319 849 3400 prudens
873 3320 916 3385 ad
938 3338 1011 3385 eum
1024 3320 1110 3384 diem
1122 3323 1347 3384 remeaverat“

216 3442 300 3523 (cap.
318 3440 383 3523 60.)
403 3440 477 3522 jure
500 3444 613 3505 nostro
637 3436 801 3504 affirmare
822 3438 1004 3519 poterimus
1028 3437 1185 3504 Senecam
1207 3438 1350 3519 prudeu-

214 3567 281 3625 tcm
303 3558 528 3641 remeassem)

216 3749 572 3758 ——-.——--——

258 3882 285 3951 9)
305 3881 357 3933 aaa
379 3881 494 3934 Οενέκοσ
513 3876 605 3933 οὕτωσ
622 3878 791 3945 ἐτελεύτησε,
810 3878 908 3947 καίπερ
928 3877 979 3943 τήν
998 3892 1028 3929 τε
1047 3878 1192 3930 συνουσίαν
1212 3878 1263 3946 τὴν
1282 3876 1352 3947 nodo

302 3984 397 4048 αὐτὸν,
416 3984 452 4035 dac
470 3983 516 4035 nal
534 3982 674 4046 ἀσθενῶν,
699 3979 879 4050 προϊέμενον,
904 3979 951 4032 καὶ
975 3983 1063 4032 arcican
1092 3979 1168 4050 αὐτῷ
1190 3980 1241 4048 τὴν
1260 3979 1353 4032 οὐσίαν

302 4086 347 4138 ἐπὶ
367 4089 424 4138 τῶν
443 4081 689 4152 οἰκοδομουμένων
706 4082 847 4151 προφάσει
865 4097 1068 4151 κεχορισμενοσ.

241 4206 282 4269 10)
302 4205 335 4259 cf.
355 4203 524 4258 Merivalium
541 4200 590 4256 VI.
613 4200 672 4256 364.
696 4199 721 4254 if
740 4204 788 4255 not
811 4199 932 4270 actually
957 4200 1085 4270 engaged
1108 4199 1135 4253 in
1159 4200 1206 4254 tho
1229 4200 1288 4270 plot
1310 4215 1352 4255 we

301 4323 365 4376 may
383 4305 483 4361 inferi
500 4303 578 4358 think
596 4303 666 4358 from
684 4302 751 4357 Tac.
770 4301 830 4356 that
846 4302 881 4358 he
900 4301 1026 4372 (Seneca)
1044 4317 1102 4357 was
1120 4316 1211 4356 aware
1229 4300 1262 4356 ol
1273 4301 1302 4357 it.
1352 4298 1354 4303 '

261 4582 408 4648 A
