2992 4926
733 363 770 435 15

649 457 852 466 ———

181 590 360 672 quaesivit3
401 589 435 654 id
469 589 556 669 quod
585 589 709 655 Burrus
741 609 864 672 negans
901 596 1126 673 „perpetraret
1156 592 1311 657 Anicetus

180 709 341 788 promissa
362 708 569 789 respondit“;
593 710 748 774 Anicetus
771 710 942 791 promissis
966 711 1069 776 stetit.

262 827 339 891 Tria
362 827 436 892 huie
458 828 642 892 narrationi
670 828 782 893 insunt
802 829 874 902 sibi¹
889 830 1120 911 repugnantia:
1149 830 1311 895 Neronem

179 947 301 1010 nemini
332 946 397 1011 nisi
418 947 556 1011 Aniceto
580 946 664 1028 (cap.
689 947 723 1030 3)
758 948 836 1029 quid
864 949 1048 1028 perpetrari
1080 949 1181 1014 vellet
1201 949 1312 1030 prodi-

179 1066 283 1144 disse3
318 1065 463 1129 dubitari
501 1065 618 1129 deinde
653 1071 762 1129 utrum
795 1065 920 1132 Burrus
951 1072 984 1131 et
1018 1065 1141 1132 Seneca
1172 1068 1312 1133 Neronis

179 1185 314 1248 consilia
337 1183 559 1265 ignorassent3
583 1184 688 1248 Burro
712 1191 821 1250 autem
845 1187 987 1266 perbene
999 1187 1127 1251 Aniceti
1149 1188 1312 1267 promissa

180 1308 260 1368 nota
281 1300 392 1367 fuisse.

262 1422 332 1486 Hac
365 1440 475 1486 rerum
509 1422 713 1501 expositione
748 1424 1007 1489 demonstratum
1030 1424 1224 1489 crediderim
1247 1443 1311 1489 non
1413 1513 1416 1521 ἱ

178 1541 340 1605 Neronem
365 1541 618 1620 adulescentem,
643 1560 738 1623 quem
763 1544 899 1607 eandem
923 1548 957 1607 et
978 1549 1116 1607 matrem
1130 1549 1163 1608 et
1173 1544 1311 1625 pelicem

178 1658 299 1724 habere
323 1678 387 1722 non
410 1657 565 1739 pudebat,
601 1660 659 1723 sed
683 1660 877 1741 duoviros,
911 1663 965 1743 qui
1000 1663 1173 1743 conjuncta
1198 1646 1310 1727 'matre

179 1798 250 1843 eum
273 1776 341 1843 filio
364 1778 470 1842 locum
493 1797 585 1842 suum
610 1783 723 1843 tenere
736 1799 800 1844 non
812 1781 966 1846 valebant
981 1781 1077 1862 hujus
1093 1782 1182 1845 necis
1200 1786 1311 1845 auoto-

177 1916 230 1962 res
252 1896 363 1962 fuisse.

262 2017 365 2095 Quam
400 2017 595 2081 sententiam
631 2017 766 2083 Cassius
790 2017 852 2081 Dio
883 2019 1035 2100 adjuvat,
1072 2019 1127 2100 qui
1156 2018 1203 2083 sic
1231 2019 1311 2084 dicit
1460 2082 1463 2087 ,

176 2134 271 2218 (LXI.
302 2135 353 2217 12)
382 2135 434 2197 καὶ
466 2133 540 2218 (τὸν
571 2134 721 2222 Νέρωνα)
749 2136 800 2199 καὶ
833 2136 850 2198 ὁ
877 2133 1010 2201 Οενέκαι
1031 2137 1072 2201 ἀι
1098 2136 1227 2202 notiora
1260 2137 1311 2200 uui
1423 2188 1425 2193 ,

176 2251 359 2329 ἀξιοπίστως
387 2251 529 2337 ἀνδράοιν
552 2254 668 2339 εἴρηται
691 2255 790 2338 (quae
812 2256 1002 2321 testimonia
1023 2257 1112 2321 nullo
1136 2257 1232 2321 modo
1255 2276 1310 2321 nc·

176 2375 263 2456 glegi
286 2374 419 2459 debent)
443 2375 636 2456 παρώξυνεν,
665 2372 718 2436 εἴπ’
745 2367 860 2436 οὖντὸ
883 2369 1020 2458 ἔγκλημα
1042 2374 1077 2436 τὸ
1101 2373 1175 2437 καθ’
1198 2375 1310 2438 ἑαυτοῦ

175 2492 426 2576 ἐπηλνγάααοθαι
452 2493 641 2577 βουληθεῖεν,
675 2492 735 2555 εἴτε
767 2492 818 2555 καὶ
840 2493 895 2554 τὸν
917 2492 1047 2575 Νέρωνα
1077 2491 1109 2556 ἕο
1134 2494 1310 2575 μιαιφονίαν

69 2668 72 2675 .
176 2610 298 2676 ἀνόσιον
326 2620 511 2697 προαγαγεῖν
534 2611 684 2695 ἕθὲληιαα
705 2609 744 2673 ἵν’
772 2613 812 2676 ἀι
832 2610 963 2692 τάχιοτα
985 2611 1036 2673 καὶ
1057 2611 1134 2695 πρὸα
1154 2615 1236 2674 θεῶν
1259 2611 1310 2674 καὶ

174 2730 252 2814 aprio
274 2729 446 2813 ἀνθρώπων
470 2731 647 2814 ἀπόληται·
670 2730 736 2793 ἐπεὶ
758 2730 792 2792 δὲ
807 2729 905 2792 naida
919 2737 976 2792 τοῦ
991 2738 1169 2810 προφανοῦα
1190 2727 1309 2792 ἀκνονν

174 2849 210 2911 τὸ
233 2845 323 2932 ἔργον
345 2850 396 2913 καὶ
419 2853 519 2934 κρύφα
543 2848 593 2911 διὰ
614 2847 785 2933 φαρμάκων
808 2848 867 2910 οὐκ
889 2843 975 2928 εἶχον
991 2847 1061 2929 (sci.
1078 2848 1164 2914 Nero
1183 2847 1307 2914 Seneca

175 2969 309 3053 Sabina)
333 2959 432 3051 αὐτὴν
458 2967 656 3030 ἀνελεῖν
680 2987 707 3029 κ.
731 2988 757 3029 τ.
781 2967 808 3029 λ.

258 3087 414 3153 Refutare
438 3106 550 3152 eorum
572 3085 724 3166 ineptias
748 3085 803 3167 qui
827 3085 984 3151 Senecam
1006 3090 1112 3151 totum
1135 3087 1307 3152 consilium

175 3212 288 3271 contra
312 3207 511 3289 Agrippinae
534 3205 635 3270 vitam
658 3207 838 3287 ignorasse,
859 3203 1004 3270 facinore
1031 3210 1222 3285 perpetrato
1244 3224 1305 3287 pro

173 3325 260 3391 virili
292 3326 361 3408 ejus
398 3325 549 3408 ingenio,
589 3344 672 3407 quae
706 3325 827 3389 mutari
860 3342 924 3388 non
957 3322 1143 3404 potuissent
1176 3321 1307 3388 sortiter

173 3445 333 3510 tolerasse
358 3444 595 3509 contenderunt
617 3441 671 3524 (cf.
697 3462 723 3507 e.
749 3462 778 3525 g.
794 3442 988 3507 Boehmium
1010 3440 1031 3504 1.
1045 3440 1067 3504 1.
1080 3459 1112 3522 p.
1122 3440 1177 3522 32)
1194 3459 1306 3522 supcr-

174 3563 288 3643 sede03
313 3581 369 3626 eur
392 3563 477 3627 enim
498 3568 675 3643 postquam
687 3561 901 3643 Agrippinam
925 3559 1025 3623 etiam
1048 3558 1157 3624 vivere
1180 3560 1306 3626 audivit

175 3699 247 3746 eam
271 3698 403 3746 servare
426 3700 491 3746 non
515 3681 661 3746 studuit?

259 3799 442 3882 Agrippina
475 3804 592 3864 necata
625 3797 752 3865 infirmo
788 3799 978 3880 summoque
999 3814 1122 3879 pavore
1145 3815 1303 3878 oppresso

171 3919 304 3999 Neroni,
329 3919 384 4000 qui
407 3917 551 3983 facinora
574 3925 689 4001 optare
708 3935 812 4000 neque
827 3922 1092 3999 perpetratorum
1114 3916 1304 3980 memoriam

171 4038 313 4104 tolerare
335 4038 458 4121 potuit,
487 4038 611 4101 Burrus
640 4037 846 4101 centuriones
876 4040 910 4101 et
941 4037 1091 4101 tribunos
1113 4034 1204 4099 misit
1227 4034 1305 4098 adu·

171 4158 295 4222 latione
328 4157 538 4239 imperatoris
573 4154 661 4220 iacta
690 4155 898 4235 probaturos.
943 4153 988 4218 Ut
1006 4153 1131 4216 Burrus
1164 4151 1304 4216 militum

170 4276 218 4344 ita
245 4275 368 4344 Seneca
397 4275 514 4342 civium
542 4275 669 4340 animos
697 4273 813 4339 sedare
845 4275 980 4338 conatus
1009 4275 1060 4336 est
1082 4269 1211 4335 Neroni¹
1232 4289 1305 4338 ora-
