<?xml version="1.0" encoding="UTF-8"?>
<!DOCTYPE html PUBLIC "-//W3C//DTD XHTML 1.0 Transitional//EN"
    "http://www.w3.org/TR/xhtml1/DTD/xhtml1-transitional.dtd">
<html xmlns="http://www.w3.org/1999/xhtml" xml:lang="en" lang="en">
 <head>
  <title>
</title>
<meta http-equiv="Content-Type" content="text/html;charset=utf-8" />
  <meta name='ocr-system' content='tesseract 3.04.00' />
  <meta name='ocr-capabilities' content='ocr_page ocr_carea ocr_par ocr_line ocrx_word'/>
</head>
<body>
  <div class='ocr_page' id='page_1' title='image "./delannaeiseneca00martgoog_0044.png"; bbox 0 0 2992 4926; ppageno 0'>
   <div class='ocr_carea' id='block_1_1' title="bbox 357 1014 1152 1237">
    <p class='ocr_par' dir='ltr' id='par_1_1' title="bbox 357 1014 1152 1237">
     <span class='ocr_line' id='line_1_1' title="bbox 357 1014 1152 1118; baseline 0.004 -24"><span class='ocrx_word' id='word_1_1' title='bbox 357 1014 411 1094; x_wconf 82' lang='lat' dir='ltr'>hd</span> <span class='ocrx_word' id='word_1_2' title='bbox 440 1015 614 1096; x_wconf 88' lang='lat' dir='ltr'>Serenum</span> <span class='ocrx_word' id='word_1_3' title='bbox 642 1018 687 1097; x_wconf 93' lang='lat' dir='ltr'>de</span> <span class='ocrx_word' id='word_1_4' title='bbox 713 1018 989 1118; x_wconf 76' lang='lat' dir='ltr'>tranquillitate</span> <span class='ocrx_word' id='word_1_5' title='bbox 1015 1020 1152 1116; x_wconf 23' lang='lat' dir='ltr'>animi..</span> 
     </span>
     <span class='ocr_line' id='line_1_2' title="bbox 668 1166 832 1237; baseline 0.006 -17"><span class='ocrx_word' id='word_1_6' title='bbox 668 1167 752 1237; x_wconf 71' lang='lat' dir='ltr'>(near.</span> <span class='ocrx_word' id='word_1_7' title='bbox 769 1166 832 1236; x_wconf 76' lang='lat' dir='ltr'>nx.)</span> 
     </span>
    </p>
   </div>
   <div class='ocr_carea' id='block_1_2' title="bbox 662 1325 865 1334">
    <p class='ocr_par' dir='ltr' id='par_1_2' title="bbox 662 1325 865 1334">
     <span class='ocr_line' id='line_1_3' title="bbox 662 1325 865 1334; baseline -0.005 0"><span class='ocrx_word' id='word_1_8' title='bbox 662 1325 865 1334; x_wconf 76' lang='lat'>.-..-—.--———=</span> 
     </span>
    </p>
   </div>
   <div class='ocr_carea' id='block_1_3' title="bbox 116 1456 1332 4393">
    <p class='ocr_par' dir='ltr' id='par_1_3' title="bbox 116 1456 1332 4272">
     <span class='ocr_line' id='line_1_4' title="bbox 291 1456 1319 1540; baseline 0.007 -18"><span class='ocrx_word' id='word_1_9' title='bbox 291 1458 399 1522; x_wconf 90' lang='lat' dir='ltr'>Primo</span> <span class='ocrx_word' id='word_1_10' title='bbox 434 1459 530 1540; x_wconf 87' lang='lat' dir='ltr'>hujus</span> <span class='ocrx_word' id='word_1_11' title='bbox 565 1458 688 1539; x_wconf 83' lang='lat' dir='ltr'>dialogi</span> <span class='ocrx_word' id='word_1_12' title='bbox 722 1457 831 1538; x_wconf 88' lang='lat' dir='ltr'>capite</span> <span class='ocrx_word' id='word_1_13' title='bbox 856 1456 981 1522; x_wconf 84' lang='lat' dir='ltr'>Seneca</span> <span class='ocrx_word' id='word_1_14' title='bbox 1016 1457 1173 1525; x_wconf 90' lang='lat' dir='ltr'>Serenum</span> <span class='ocrx_word' id='word_1_15' title='bbox 1205 1470 1319 1529; x_wconf 88' lang='lat' dir='ltr'>eontra</span> 
     </span>
     <span class='ocr_line' id='line_1_5' title="bbox 184 1576 1318 1659; baseline 0.008 -20"><span class='ocrx_word' id='word_1_16' title='bbox 184 1577 284 1640; x_wconf 88' lang='lat' dir='ltr'>enimi</span> <span class='ocrx_word' id='word_1_17' title='bbox 306 1576 561 1656; x_wconf 86' lang='lat' dir='ltr'>fluctuationem,</span> <span class='ocrx_word' id='word_1_18' title='bbox 587 1595 651 1659; x_wconf 91' lang='lat' dir='ltr'>qua</span> <span class='ocrx_word' id='word_1_19' title='bbox 673 1576 769 1641; x_wconf 93' lang='lat' dir='ltr'>modo</span> <span class='ocrx_word' id='word_1_20' title='bbox 794 1577 900 1640; x_wconf 86' lang='lat' dir='ltr'>elatus</span> <span class='ocrx_word' id='word_1_21' title='bbox 923 1577 1021 1640; x_wconf 90' lang='lat' dir='ltr'>modo</span> <span class='ocrx_word' id='word_1_22' title='bbox 1046 1578 1206 1646; x_wconf 89' lang='lat' dir='ltr'>demissus</span> <span class='ocrx_word' id='word_1_23' title='bbox 1229 1589 1318 1648; x_wconf 88' lang='lat' dir='ltr'>esset</span> 
     </span>
     <span class='ocr_line' id='line_1_6' title="bbox 185 1694 1315 1779; baseline 0.004 -19"><span class='ocrx_word' id='word_1_24' title='bbox 185 1696 341 1760; x_wconf 85' lang='lat' dir='ltr'>auxilium</span> <span class='ocrx_word' id='word_1_25' title='bbox 364 1702 532 1776; x_wconf 85' lang='lat' dir='ltr'>petentem</span> <span class='ocrx_word' id='word_1_26' title='bbox 555 1695 689 1774; x_wconf 86' lang='lat' dir='ltr'>inducit,</span> <span class='ocrx_word' id='word_1_27' title='bbox 713 1711 818 1776; x_wconf 91' lang='lat' dir='ltr'>neque</span> <span class='ocrx_word' id='word_1_28' title='bbox 842 1712 914 1758; x_wconf 90' lang='lat' dir='ltr'>eum</span> <span class='ocrx_word' id='word_1_29' title='bbox 924 1694 1112 1761; x_wconf 91' lang='lat' dir='ltr'>Lehmanno</span> <span class='ocrx_word' id='word_1_30' title='bbox 1130 1699 1184 1779; x_wconf 83' lang='lat' dir='ltr'>(de</span> <span class='ocrx_word' id='word_1_31' title='bbox 1202 1699 1315 1766; x_wconf 83' lang='lat' dir='ltr'>Claud.</span> 
     </span>
     <span class='ocr_line' id='line_1_7' title="bbox 184 1811 1316 1899; baseline 0.004 -19"><span class='ocrx_word' id='word_1_32' title='bbox 184 1820 217 1880; x_wconf 90' lang='lat' dir='ltr'>et</span> <span class='ocrx_word' id='word_1_33' title='bbox 240 1815 314 1879; x_wconf 89' lang='lat' dir='ltr'>Ner.</span> <span class='ocrx_word' id='word_1_34' title='bbox 338 1833 370 1895; x_wconf 90' lang='lat' dir='ltr'>p.</span> <span class='ocrx_word' id='word_1_35' title='bbox 397 1817 448 1899; x_wconf 85' lang='lat'>11)</span> <span class='ocrx_word' id='word_1_36' title='bbox 472 1814 653 1895; x_wconf 91' lang='lat' dir='ltr'>putandum</span> <span class='ocrx_word' id='word_1_37' title='bbox 677 1817 728 1879; x_wconf 90' lang='lat' dir='ltr'>est</span> <span class='ocrx_word' id='word_1_38' title='bbox 744 1811 901 1877; x_wconf 84' lang='lat' dir='ltr'>Senecam</span> <span class='ocrx_word' id='word_1_39' title='bbox 923 1812 957 1877; x_wconf 95' lang='lat' dir='ltr'>in</span> <span class='ocrx_word' id='word_1_40' title='bbox 980 1814 1030 1878; x_wconf 93' lang='lat' dir='ltr'>his</span> <span class='ocrx_word' id='word_1_41' title='bbox 1054 1817 1195 1896; x_wconf 85' lang='lat' dir='ltr'>querelis</span> <span class='ocrx_word' id='word_1_42' title='bbox 1218 1819 1258 1883; x_wconf 92' lang='lat' dir='ltr'>de</span> <span class='ocrx_word' id='word_1_43' title='bbox 1281 1839 1316 1885; x_wconf 91' lang='lat' dir='ltr'>se</span> 
     </span>
     <span class='ocr_line' id='line_1_8' title="bbox 184 1930 1316 2015; baseline 0.004 -18"><span class='ocrx_word' id='word_1_44' title='bbox 184 1934 255 2015; x_wconf 89' lang='lat' dir='ltr'>ipso</span> <span class='ocrx_word' id='word_1_45' title='bbox 281 1934 433 2012; x_wconf 84' lang='lat' dir='ltr'>sensisse,</span> <span class='ocrx_word' id='word_1_46' title='bbox 459 1933 513 2014; x_wconf 94' lang='lat' dir='ltr'>qui</span> <span class='ocrx_word' id='word_1_47' title='bbox 537 1930 805 2014; x_wconf 87' lang='lat' dir='ltr'>insequentibus</span> <span class='ocrx_word' id='word_1_48' title='bbox 829 1949 922 2013; x_wconf 86' lang='lat' dir='ltr'>capp.</span> <span class='ocrx_word' id='word_1_49' title='bbox 936 1932 1032 2014; x_wconf 86' lang='lat' dir='ltr'>longe</span> <span class='ocrx_word' id='word_1_50' title='bbox 1048 1931 1224 2000; x_wconf 87' lang='lat' dir='ltr'>firmiorem</span> <span class='ocrx_word' id='word_1_51' title='bbox 1248 1939 1316 2002; x_wconf 92' lang='lat' dir='ltr'>ani-</span> 
     </span>
     <span class='ocr_line' id='line_1_9' title="bbox 183 2049 1316 2134; baseline 0.005 -18"><span class='ocrx_word' id='word_1_52' title='bbox 183 2072 269 2116; x_wconf 95' lang='lat' dir='ltr'>mum</span> <span class='ocrx_word' id='word_1_53' title='bbox 304 2052 465 2134; x_wconf 82' lang='lat' dir='ltr'>gloriatur</span> <span class='ocrx_word' id='word_1_54' title='bbox 498 2071 595 2134; x_wconf 90' lang='lat' dir='ltr'>quem</span> <span class='ocrx_word' id='word_1_55' title='bbox 630 2051 685 2132; x_wconf 91' lang='lat' dir='ltr'>qui</span> <span class='ocrx_word' id='word_1_56' title='bbox 707 2051 767 2114; x_wconf 88' lang='lat' dir='ltr'>hac</span> <span class='ocrx_word' id='word_1_57' title='bbox 790 2049 1002 2115; x_wconf 87' lang='lat' dir='ltr'>fluctuatione</span> <span class='ocrx_word' id='word_1_58' title='bbox 1025 2052 1162 2118; x_wconf 89' lang='lat' dir='ltr'>laboret.</span> <span class='ocrx_word' id='word_1_59' title='bbox 1208 2056 1316 2122; x_wconf 90' lang='lat' dir='ltr'>Verba</span> 
     </span>
     <span class='ocr_line' id='line_1_10' title="bbox 183 2168 1316 2254; baseline 0.004 -19"><span class='ocrx_word' id='word_1_60' title='bbox 183 2173 211 2254; x_wconf 60' lang='grc' dir='ltr'>ς’.</span> <span class='ocrx_word' id='word_1_61' title='bbox 229 2176 266 2235; x_wconf 90' lang='grc'>10</span> <span class='ocrx_word' id='word_1_62' title='bbox 292 2172 452 2245; x_wconf 83' lang='lat' dir='ltr'>,honores</span> <span class='ocrx_word' id='word_1_63' title='bbox 475 2169 665 2252; x_wconf 79' lang='lat' dir='ltr'>fascesque“</span> <span class='ocrx_word' id='word_1_64' title='bbox 691 2169 793 2251; x_wconf 83' lang='lat' dir='ltr'>igitur</span> <span class='ocrx_word' id='word_1_65' title='bbox 815 2186 880 2233; x_wconf 92' lang='lat' dir='ltr'>non</span> <span class='ocrx_word' id='word_1_66' title='bbox 902 2168 944 2233; x_wconf 89' lang='lat' dir='ltr'>ad</span> <span class='ocrx_word' id='word_1_67' title='bbox 961 2169 1103 2236; x_wconf 87' lang='lat' dir='ltr'>Senecae</span> <span class='ocrx_word' id='word_1_68' title='bbox 1126 2179 1316 2253; x_wconf 88' lang='lat' dir='ltr'>praeturam</span> 
     </span>
     <span class='ocr_line' id='line_1_11' title="bbox 116 2288 1315 2370; baseline 0.005 -16"><span class='ocrx_word' id='word_1_69' title='bbox 116 2312 117 2316; x_wconf 42' lang='lat'>¹</span> <span class='ocrx_word' id='word_1_70' title='bbox 183 2288 373 2370; x_wconf 87' lang='lat' dir='ltr'>referenda,</span> <span class='ocrx_word' id='word_1_71' title='bbox 408 2292 466 2356; x_wconf 91' lang='lat' dir='ltr'>sed</span> <span class='ocrx_word' id='word_1_72' title='bbox 499 2291 532 2354; x_wconf 88' lang='lat' dir='ltr'>in</span> <span class='ocrx_word' id='word_1_73' title='bbox 565 2289 752 2354; x_wconf 84' lang='lat' dir='ltr'>universum</span> <span class='ocrx_word' id='word_1_74' title='bbox 784 2303 857 2368; x_wconf 87' lang='lat' dir='ltr'>pro·</span> <span class='ocrx_word' id='word_1_75' title='bbox 883 2289 1098 2365; x_wconf 86' lang='lat' dir='ltr'>„auctoritate</span> <span class='ocrx_word' id='word_1_76' title='bbox 1120 2289 1203 2356; x_wconf 80' lang='lat' dir='ltr'>frui“</span> <span class='ocrx_word' id='word_1_77' title='bbox 1229 2295 1315 2360; x_wconf 88' lang='lat' dir='ltr'>dicta</span> 
     </span>
     <span class='ocr_line' id='line_1_12' title="bbox 184 2406 1316 2493; baseline 0.003 -19"><span class='ocrx_word' id='word_1_78' title='bbox 184 2427 254 2474; x_wconf 88' lang='lat' dir='ltr'>esse</span> <span class='ocrx_word' id='word_1_79' title='bbox 277 2413 367 2491; x_wconf 87' lang='lat' dir='ltr'>puto.</span> <span class='ocrx_word' id='word_1_80' title='bbox 414 2408 484 2485; x_wconf 75' lang='lat' dir='ltr'>Qua</span> <span class='ocrx_word' id='word_1_81' title='bbox 516 2409 544 2473; x_wconf 92' lang='lat' dir='ltr'>si</span> <span class='ocrx_word' id='word_1_82' title='bbox 566 2407 686 2472; x_wconf 88' lang='lat' dir='ltr'>fruitur</span> <span class='ocrx_word' id='word_1_83' title='bbox 713 2406 854 2472; x_wconf 89' lang='lat' dir='ltr'>Serenus</span> <span class='ocrx_word' id='word_1_84' title='bbox 880 2414 1069 2489; x_wconf 86' lang='lat' dir='ltr'>,promptus</span> <span class='ocrx_word' id='word_1_85' title='bbox 1099 2413 1316 2493; x_wconf 89' lang='lat' dir='ltr'>compositus-</span> 
     </span>
     <span class='ocr_line' id='line_1_13' title="bbox 183 2517 1315 2610; baseline 0.004 -18"><span class='ocrx_word' id='word_1_86' title='bbox 183 2534 267 2610; x_wconf 82' lang='lat' dir='ltr'>que“</span> <span class='ocrx_word' id='word_1_87' title='bbox 306 2528 453 2609; x_wconf 91' lang='lat' dir='ltr'>sequitur</span> <span class='ocrx_word' id='word_1_88' title='bbox 483 2527 697 2609; x_wconf 92' lang='lat' dir='ltr'>philosophos</span> <span class='ocrx_word' id='word_1_89' title='bbox 740 2517 835 2604; x_wconf 89' lang='lat' dir='ltr'>suos&#39;,</span> <span class='ocrx_word' id='word_1_90' title='bbox 876 2526 974 2590; x_wconf 90' lang='lat' dir='ltr'>rebus</span> <span class='ocrx_word' id='word_1_91' title='bbox 1017 2528 1163 2594; x_wconf 92' lang='lat' dir='ltr'>adversis</span> <span class='ocrx_word' id='word_1_92' title='bbox 1206 2537 1315 2597; x_wconf 87' lang='lat' dir='ltr'>autem</span> 
     </span>
     <span class='ocr_line' id='line_1_14' title="bbox 181 2645 1314 2733; baseline 0.005 -23"><span class='ocrx_word' id='word_1_93' title='bbox 181 2646 272 2729; x_wconf 87' lang='lat' dir='ltr'>(„ubi</span> <span class='ocrx_word' id='word_1_94' title='bbox 308 2647 432 2729; x_wconf 90' lang='lat' dir='ltr'>aliquid</span> <span class='ocrx_word' id='word_1_95' title='bbox 467 2647 609 2710; x_wconf 89' lang='lat' dir='ltr'>animam</span> <span class='ocrx_word' id='word_1_96' title='bbox 644 2645 811 2710; x_wconf 87' lang='lat' dir='ltr'>insolitam</span> <span class='ocrx_word' id='word_1_97' title='bbox 835 2645 969 2709; x_wconf 87' lang='lat' dir='ltr'>arietari</span> <span class='ocrx_word' id='word_1_98' title='bbox 991 2649 1187 2733; x_wconf 80' lang='lat' dir='ltr'>percussit“)</span> <span class='ocrx_word' id='word_1_99' title='bbox 1211 2651 1314 2716; x_wconf 87' lang='lat' dir='ltr'>veloci</span> 
     </span>
     <span class='ocr_line' id='line_1_15' title="bbox 182 2763 1313 2846; baseline 0.004 -16"><span class='ocrx_word' id='word_1_100' title='bbox 182 2783 277 2830; x_wconf 92' lang='lat' dir='ltr'>cursu</span> <span class='ocrx_word' id='word_1_101' title='bbox 312 2765 355 2830; x_wconf 91' lang='lat' dir='ltr'>ed</span> <span class='ocrx_word' id='word_1_102' title='bbox 388 2766 490 2831; x_wconf 90' lang='lat' dir='ltr'>otium</span> <span class='ocrx_word' id='word_1_103' title='bbox 523 2764 724 2830; x_wconf 80' lang='lat' dir='ltr'>convertitur</span> <span class='ocrx_word' id='word_1_104' title='bbox 756 2763 798 2846; x_wconf 61' lang='grc' dir='ltr'>(ξ.</span> <span class='ocrx_word' id='word_1_105' title='bbox 826 2763 897 2845; x_wconf 83' lang='grc'>11.),</span> <span class='ocrx_word' id='word_1_106' title='bbox 932 2765 989 2829; x_wconf 91' lang='lat' dir='ltr'>sed</span> <span class='ocrx_word' id='word_1_107' title='bbox 1014 2765 1088 2843; x_wconf 91' lang='lat' dir='ltr'>,uhi</span> <span class='ocrx_word' id='word_1_108' title='bbox 1111 2765 1208 2832; x_wconf 88' lang='lat' dir='ltr'>lectio</span> <span class='ocrx_word' id='word_1_109' title='bbox 1249 2768 1313 2834; x_wconf 87' lang='lat' dir='ltr'>for-</span> 
     </span>
     <span class='ocr_line' id='line_1_16' title="bbox 180 2883 1313 2964; baseline 0.005 -16"><span class='ocrx_word' id='word_1_110' title='bbox 180 2884 245 2949; x_wconf 87' lang='lat' dir='ltr'>tior</span> <span class='ocrx_word' id='word_1_111' title='bbox 285 2885 388 2949; x_wconf 90' lang='lat' dir='ltr'>erexit</span> <span class='ocrx_word' id='word_1_112' title='bbox 427 2884 597 2948; x_wconf 87' lang='lat' dir='ltr'>animum“</span> <span class='ocrx_word' id='word_1_113' title='bbox 631 2883 750 2964; x_wconf 86' lang='lat' dir='ltr'>agilem</span> <span class='ocrx_word' id='word_1_114' title='bbox 792 2883 896 2947; x_wconf 92' lang='lat' dir='ltr'>denuo</span> <span class='ocrx_word' id='word_1_115' title='bbox 937 2900 1009 2948; x_wconf 89' lang='lat' dir='ltr'>sese</span> <span class='ocrx_word' id='word_1_116' title='bbox 1040 2891 1154 2964; x_wconf 87' lang='lat' dir='ltr'>praest</span> <span class='ocrx_word' id='word_1_117' title='bbox 1176 2891 1200 2950; x_wconf 85' lang='lat' dir='ltr'>t.</span> <span class='ocrx_word' id='word_1_118' title='bbox 1257 2887 1313 2954; x_wconf 91' lang='lat' dir='ltr'>Se·</span> 
     </span>
     <span class='ocr_line' id='line_1_17' title="bbox 181 3000 1313 3086; baseline 0.005 -19"><span class='ocrx_word' id='word_1_119' title='bbox 181 3022 261 3067; x_wconf 90' lang='lat' dir='ltr'>neca</span> <span class='ocrx_word' id='word_1_120' title='bbox 296 3004 396 3068; x_wconf 88' lang='lat' dir='ltr'>animi</span> <span class='ocrx_word' id='word_1_121' title='bbox 427 3003 497 3084; x_wconf 90' lang='lat' dir='ltr'>ejus</span> <span class='ocrx_word' id='word_1_122' title='bbox 535 3000 760 3066; x_wconf 86' lang='lat' dir='ltr'>infirmitatem</span> <span class='ocrx_word' id='word_1_123' title='bbox 789 3020 906 3066; x_wconf 91' lang='lat' dir='ltr'>sanare</span> <span class='ocrx_word' id='word_1_124' title='bbox 934 3001 1069 3086; x_wconf 81' lang='lat' dir='ltr'>studens</span> <span class='ocrx_word' id='word_1_125' title='bbox 1093 3006 1238 3071; x_wconf 86' lang='lat' dir='ltr'>ostendit</span> <span class='ocrx_word' id='word_1_126' title='bbox 1260 3027 1313 3073; x_wconf 91' lang='lat' dir='ltr'>ve·</span> 
     </span>
     <span class='ocr_line' id='line_1_18' title="bbox 180 3121 1312 3209; baseline 0.005 -25"><span class='ocrx_word' id='word_1_127' title='bbox 180 3141 251 3186; x_wconf 90' lang='lat' dir='ltr'>rum</span> <span class='ocrx_word' id='word_1_128' title='bbox 273 3122 307 3186; x_wconf 95' lang='lat' dir='ltr'>in</span> <span class='ocrx_word' id='word_1_129' title='bbox 330 3123 437 3187; x_wconf 92' lang='lat' dir='ltr'>medio</span> <span class='ocrx_word' id='word_1_130' title='bbox 461 3139 547 3200; x_wconf 87' lang='lat' dir='ltr'>esse,</span> <span class='ocrx_word' id='word_1_131' title='bbox 576 3125 610 3186; x_wconf 90' lang='lat' dir='ltr'>et</span> <span class='ocrx_word' id='word_1_132' title='bbox 637 3125 824 3202; x_wconf 82' lang='lat' dir='ltr'>praetorem</span> <span class='ocrx_word' id='word_1_133' title='bbox 852 3125 886 3184; x_wconf 87' lang='lat' dir='ltr'>et</span> <span class='ocrx_word' id='word_1_134' title='bbox 907 3121 1135 3205; x_wconf 82' lang='lat' dir='ltr'>philosophiae</span> <span class='ocrx_word' id='word_1_135' title='bbox 1157 3144 1312 3209; x_wconf 89' lang='lat' dir='ltr'>praecep-</span> 
     </span>
     <span class='ocr_line' id='line_1_19' title="bbox 180 3239 1312 3326; baseline 0.005 -23"><span class='ocrx_word' id='word_1_136' title='bbox 180 3247 285 3304; x_wconf 87' lang='lat' dir='ltr'>torem</span> <span class='ocrx_word' id='word_1_137' title='bbox 308 3241 391 3306; x_wconf 90' lang='lat' dir='ltr'>alios</span> <span class='ocrx_word' id='word_1_138' title='bbox 415 3240 560 3305; x_wconf 87' lang='lat' dir='ltr'>docendo</span> <span class='ocrx_word' id='word_1_139' title='bbox 581 3240 696 3321; x_wconf 87' lang='lat' dir='ltr'>juvare</span> <span class='ocrx_word' id='word_1_140' title='bbox 718 3239 928 3304; x_wconf 87' lang='lat' dir='ltr'>contendens.</span> <span class='ocrx_word' id='word_1_141' title='bbox 969 3242 1098 3323; x_wconf 84' lang='lat' dir='ltr'>„Longe</span> <span class='ocrx_word' id='word_1_142' title='bbox 1121 3243 1232 3326; x_wconf 90' lang='lat' dir='ltr'>itaque</span> <span class='ocrx_word' id='word_1_143' title='bbox 1256 3264 1312 3326; x_wconf 93' lang='lat' dir='ltr'>op-</span> 
     </span>
     <span class='ocr_line' id='line_1_20' title="bbox 180 3358 1312 3440; baseline 0.004 -18"><span class='ocrx_word' id='word_1_144' title='bbox 180 3359 294 3424; x_wconf 91' lang='lat' dir='ltr'>timum</span> <span class='ocrx_word' id='word_1_145' title='bbox 319 3365 369 3424; x_wconf 90' lang='lat' dir='ltr'>est</span> <span class='ocrx_word' id='word_1_146' title='bbox 391 3360 529 3424; x_wconf 89' lang='lat' dir='ltr'>miseere</span> <span class='ocrx_word' id='word_1_147' title='bbox 554 3359 656 3424; x_wconf 90' lang='lat' dir='ltr'>otium</span> <span class='ocrx_word' id='word_1_148' title='bbox 678 3360 797 3437; x_wconf 90' lang='lat' dir='ltr'>rebus,</span> <span class='ocrx_word' id='word_1_149' title='bbox 833 3358 984 3440; x_wconf 92' lang='lat' dir='ltr'>quotiens</span> <span class='ocrx_word' id='word_1_150' title='bbox 1008 3365 1142 3425; x_wconf 88' lang='lat' dir='ltr'>actuosa</span> <span class='ocrx_word' id='word_1_151' title='bbox 1161 3362 1230 3426; x_wconf 89' lang='lat' dir='ltr'>vita</span> <span class='ocrx_word' id='word_1_152' title='bbox 1252 3363 1312 3427; x_wconf 90' lang='lat' dir='ltr'>im-</span> 
     </span>
     <span class='ocr_line' id='line_1_21' title="bbox 179 3476 1310 3562; baseline 0.003 -20"><span class='ocrx_word' id='word_1_153' title='bbox 179 3479 377 3558; x_wconf 86' lang='lat' dir='ltr'>pedimentis</span> <span class='ocrx_word' id='word_1_154' title='bbox 412 3477 558 3544; x_wconf 87' lang='lat' dir='ltr'>fortuitis</span> <span class='ocrx_word' id='word_1_155' title='bbox 593 3484 649 3542; x_wconf 91' lang='lat' dir='ltr'>ant</span> <span class='ocrx_word' id='word_1_156' title='bbox 684 3477 827 3543; x_wconf 80' lang='lat' dir='ltr'>ciuitatis</span> <span class='ocrx_word' id='word_1_157' title='bbox 868 3476 1053 3542; x_wconf 88' lang='lat' dir='ltr'>conditione</span> <span class='ocrx_word' id='word_1_158' title='bbox 1075 3479 1310 3562; x_wconf 85' lang='lat' dir='ltr'>perhihebitur,</span> 
     </span>
     <span class='ocr_line' id='line_1_22' title="bbox 180 3594 1311 3679; baseline 0.005 -19"><span class='ocrx_word' id='word_1_159' title='bbox 180 3616 355 3679; x_wconf 90' lang='lat' dir='ltr'>numquam</span> <span class='ocrx_word' id='word_1_160' title='bbox 393 3597 479 3661; x_wconf 90' lang='lat' dir='ltr'>enim</span> <span class='ocrx_word' id='word_1_161' title='bbox 513 3614 616 3678; x_wconf 91' lang='lat' dir='ltr'>usque</span> <span class='ocrx_word' id='word_1_162' title='bbox 650 3614 688 3660; x_wconf 94' lang='lat' dir='ltr'>eo</span> <span class='ocrx_word' id='word_1_163' title='bbox 721 3594 900 3660; x_wconf 87' lang='lat' dir='ltr'>interclusa</span> <span class='ocrx_word' id='word_1_164' title='bbox 933 3601 1010 3661; x_wconf 89' lang='lat' dir='ltr'>sunt</span> <span class='ocrx_word' id='word_1_165' title='bbox 1042 3597 1151 3662; x_wconf 92' lang='lat' dir='ltr'>omnia</span> <span class='ocrx_word' id='word_1_166' title='bbox 1173 3604 1210 3663; x_wconf 84' lang='lat' dir='ltr'>ut</span> <span class='ocrx_word' id='word_1_167' title='bbox 1231 3601 1311 3666; x_wconf 92' lang='lat' dir='ltr'>nulli</span> 
     </span>
     <span class='ocr_line' id='line_1_23' title="bbox 181 3714 1311 3798; baseline 0.005 -20"><span class='ocrx_word' id='word_1_168' title='bbox 181 3716 302 3779; x_wconf 90' lang='lat' dir='ltr'>actioni</span> <span class='ocrx_word' id='word_1_169' title='bbox 325 3717 414 3781; x_wconf 87' lang='lat' dir='ltr'>locus</span> <span class='ocrx_word' id='word_1_170' title='bbox 439 3717 596 3781; x_wconf 86' lang='lat' dir='ltr'>honestae</span> <span class='ocrx_word' id='word_1_171' title='bbox 620 3715 701 3794; x_wconf 85' lang='lat' dir='ltr'>sit“;</span> <span class='ocrx_word' id='word_1_172' title='bbox 725 3731 830 3796; x_wconf 92' lang='lat' dir='ltr'>neque</span> <span class='ocrx_word' id='word_1_173' title='bbox 852 3714 1011 3780; x_wconf 87' lang='lat' dir='ltr'>citissime</span> <span class='ocrx_word' id='word_1_174' title='bbox 1026 3714 1214 3798; x_wconf 82' lang='lat' dir='ltr'>fugiendum</span> <span class='ocrx_word' id='word_1_175' title='bbox 1230 3723 1311 3785; x_wconf 89' lang='lat' dir='ltr'>tem-</span> 
     </span>
     <span class='ocr_line' id='line_1_24' title="bbox 179 3833 1332 3918; baseline 0.005 -20"><span class='ocrx_word' id='word_1_176' title='bbox 179 3834 318 3915; x_wconf 90' lang='lat' dir='ltr'>poribus</span> <span class='ocrx_word' id='word_1_177' title='bbox 351 3835 498 3900; x_wconf 85' lang='lat' dir='ltr'>adversis</span> <span class='ocrx_word' id='word_1_178' title='bbox 530 3833 626 3899; x_wconf 82' lang='lat' dir='ltr'>factis</span> <span class='ocrx_word' id='word_1_179' title='bbox 658 3834 716 3898; x_wconf 91' lang='lat' dir='ltr'>sed</span> <span class='ocrx_word' id='word_1_180' title='bbox 748 3834 870 3899; x_wconf 90' lang='lat' dir='ltr'>sensim</span> <span class='ocrx_word' id='word_1_181' title='bbox 903 3835 1009 3900; x_wconf 87' lang='lat' dir='ltr'>relato</span> <span class='ocrx_word' id='word_1_182' title='bbox 1041 3837 1144 3917; x_wconf 83' lang='lat' dir='ltr'>gradu</span> <span class='ocrx_word' id='word_1_183' title='bbox 1178 3843 1211 3902; x_wconf 88' lang='lat' dir='ltr'>et</span> <span class='ocrx_word' id='word_1_184' title='bbox 1237 3839 1332 3918; x_wconf 87' lang='lat' dir='ltr'>„de-·</span> 
     </span>
     <span class='ocr_line' id='line_1_25' title="bbox 178 3952 1310 4035; baseline 0.005 -18"><span class='ocrx_word' id='word_1_185' title='bbox 178 3953 283 4018; x_wconf 83' lang='lat' dir='ltr'>lectu“</span> <span class='ocrx_word' id='word_1_186' title='bbox 311 3953 540 4018; x_wconf 89' lang='lat' dir='ltr'>inveniendum</span> <span class='ocrx_word' id='word_1_187' title='bbox 564 3971 636 4017; x_wconf 89' lang='lat' dir='ltr'>esse</span> <span class='ocrx_word' id='word_1_188' title='bbox 663 3952 806 4034; x_wconf 90' lang='lat' dir='ltr'>,aliquid</span> <span class='ocrx_word' id='word_1_189' title='bbox 836 3953 869 4017; x_wconf 93' lang='lat' dir='ltr'>in</span> <span class='ocrx_word' id='word_1_190' title='bbox 897 3973 960 4035; x_wconf 91' lang='lat' dir='ltr'>quo</span> <span class='ocrx_word' id='word_1_191' title='bbox 988 3954 1118 4020; x_wconf 90' lang='lat' dir='ltr'>virtutis</span> <span class='ocrx_word' id='word_1_192' title='bbox 1143 3958 1310 4023; x_wconf 89' lang='lat' dir='ltr'>studiosus</span> 
     </span>
     <span class='ocr_line' id='line_1_26' title="bbox 178 4071 1310 4153; baseline 0.006 -18"><span class='ocrx_word' id='word_1_193' title='bbox 178 4071 269 4137; x_wconf 88' lang='lat' dir='ltr'>utilis</span> <span class='ocrx_word' id='word_1_194' title='bbox 293 4071 420 4136; x_wconf 86' lang='lat' dir='ltr'>civitati</span> <span class='ocrx_word' id='word_1_195' title='bbox 449 4072 534 4152; x_wconf 84' lang='lat' dir='ltr'>sit“;</span> <span class='ocrx_word' id='word_1_196' title='bbox 568 4089 701 4153; x_wconf 90' lang='lat' dir='ltr'>operam</span> <span class='ocrx_word' id='word_1_197' title='bbox 733 4072 819 4135; x_wconf 91' lang='lat' dir='ltr'>enim</span> <span class='ocrx_word' id='word_1_198' title='bbox 853 4072 932 4137; x_wconf 89' lang='lat' dir='ltr'>civis</span> <span class='ocrx_word' id='word_1_199' title='bbox 963 4073 1040 4139; x_wconf 92' lang='lat' dir='ltr'>honi</span> <span class='ocrx_word' id='word_1_200' title='bbox 1072 4074 1197 4140; x_wconf 87' lang='lat' dir='ltr'>civitati</span> <span class='ocrx_word' id='word_1_201' title='bbox 1219 4095 1310 4142; x_wconf 94' lang='lat' dir='ltr'>num-</span> 
     </span>
     <span class='ocr_line' id='line_1_27' title="bbox 179 4190 552 4272; baseline 0.003 -18"><span class='ocrx_word' id='word_1_202' title='bbox 179 4208 276 4272; x_wconf 91' lang='lat' dir='ltr'>quam</span> <span class='ocrx_word' id='word_1_203' title='bbox 298 4190 447 4255; x_wconf 90' lang='lat' dir='ltr'>inutilem</span> <span class='ocrx_word' id='word_1_204' title='bbox 470 4208 552 4255; x_wconf 89' lang='lat' dir='ltr'>esse.</span> 
     </span>
    </p>

    <p class='ocr_par' dir='ltr' id='par_1_4' title="bbox 263 4307 1309 4393">
     <span class='ocr_line' id='line_1_28' title="bbox 263 4307 1309 4393; baseline 0.006 -20"><span class='ocrx_word' id='word_1_205' title='bbox 263 4309 325 4374; x_wconf 88' lang='lat' dir='ltr'>Hie</span> <span class='ocrx_word' id='word_1_206' title='bbox 348 4307 415 4374; x_wconf 88' lang='lat' dir='ltr'>fere</span> <span class='ocrx_word' id='word_1_207' title='bbox 438 4327 553 4375; x_wconf 91' lang='lat' dir='ltr'>sensus</span> <span class='ocrx_word' id='word_1_208' title='bbox 581 4309 684 4376; x_wconf 88' lang='lat' dir='ltr'>totius</span> <span class='ocrx_word' id='word_1_209' title='bbox 714 4309 1021 4390; x_wconf 87' lang='lat' dir='ltr'>demonstrationis,</span> <span class='ocrx_word' id='word_1_210' title='bbox 1055 4329 1119 4393; x_wconf 90' lang='lat' dir='ltr'>qua</span> <span class='ocrx_word' id='word_1_211' title='bbox 1152 4310 1309 4379; x_wconf 90' lang='lat' dir='ltr'>Serenum</span> 
     </span>
    </p>
   </div>
   <div class='ocr_carea' id='block_1_4' title="bbox 0 0 1500 4926">
    <p class='ocr_par' dir='ltr' id='par_1_5' title="bbox 0 0 1500 4926">
     <span class='ocr_line' id='line_1_29' title="bbox 0 0 1500 4926; baseline 0 3"><span class='ocrx_word' id='word_1_212' title='bbox 0 0 1500 4926; x_wconf 95' lang='lat' dir='ltr'> </span> 
     </span>
    </p>
   </div>
  </div>
 </body>
</html>
