2992 4926
723 332 765 407 53

180 566 324 628 ratorem
346 581 420 629 esse
443 562 568 629 Seneca
594 560 721 642 prodit3
754 560 897 625 Lucilius
929 559 1030 642 igitur
1061 558 1125 624 fine
1159 560 1235 625 anni
1268 563 1307 624 62

181 682 421 763 procurationis
449 700 565 747 munus
594 681 760 762 deposuit3
801 679 900 744 Inde
935 679 1120 761 sequitur
1148 679 1309 760 epistu-

179 799 388 882 lususque
412 800 1046 882 adundeseptuagcsimamante
1069 797 1309 863 finemanni

139 994 147 1009 ι
179 921 218 983 62
243 919 421 1000 scriptas
446 918 584 1003 esse.¹³)

203 1308 247 1376 13)
266 1307 447 1364 Difficultates
465 1314 560 1365 movet
576 1309 654 1380 epist
671 1310 719 1378 91,
741 1323 797 1378 qua
813 1306 1008 1378 Bernhardyns
1025 1311 1114 1362 66166
1132 1306 1216 1362 fuisse
1234 1307 1308 1361 vide

265 1415 318 1479 tur,
335 1415 367 1466 ut
384 1411 517 1481 epistulas
534 1411 612 1466 annis
629 1413 778 1466 Sil-818
800 1409 965 1479 compositas
988 1424 1050 1465 esse
1071 1408 1227 1465 contendat.
1262 1408 1309 1465 Se·

265 1527 334 1568 6666
351 1513 519 1584 „Liberalis“
536 1513 624 1582 inquit
641 1518 838 1583 ,6661666666
856 1512 942 1567 tristis
959 1517 1013 1581 est,
1034 1512 1158 1567 nuntiato
1175 1512 1308 1580 incendio,

263 1631 317 1684 quo
335 1615 527 1686 Lugdunensis
545 1615 651 1671 colonia
669 1619 766 1672 exusta
784 1620 848 1671 est.“
885 1615 986 1671 Narrat
1002 1614 1101 1670 deinde
1123 1620 1146 1680 §-
1165 1614 1223 1669 14.“
1245 1614 1308 1669 huic

262 1718 385 1774 coloniae
410 1719 446 1774 ab
474 1717 578 1787 origine
605 1734 655 1773 sua
682 1718 845 1774 centesimus
867 1733 954 1773 annus
976 1722 1072 1773 est...
1099 1716 1235 1772 aPlanco
1262 1717 1308 1772 de·

263 1821 349 1876 ducta
362 1822 390 1875 in
407 1821 478 1877 hanc
495 1820 673 1890 frequentiam
690 1821 745 1875 loci
762 1820 965 1890 opportunitate
984 1820 1146 1876 convaluit“.
1176 1819 1307 1874 Plancum

261 1923 332 1978 hanc
355 1923 488 1980 coloniam
509 1937 580 1978 anno
599 1923 649 1978 111
668 1922 815 1978 deduxisse
832 1922 916 1978 refert
934 1920 1009 1978 Cass.
1029 1923 1091 1978 Dio.
1119 1921 1226 1991 (XLVI.
1245 1922 1307 1989 66).

261 2024 382 2081 Senecae
407 2027 491 2096 igitur
516 2026 603 2082 verba
628 2025 652 2082 si
677 2024 731 2082 flde
757 2026 842 2096 digna
868 2029 932 2081 sunt
959 2025 1076 2096 epistula
1101 2025 1134 2080 91
1162 2025 1306 2080 6666811

260 2128 361 2196 scripta
378 2134 428 2184 est

328 2229 486 2301 Videamus,
504 2232 641 2301 quomodo
658 2247 703 2287 res
720 2247 782 2288 6666
799 2232 908 2288 habeat
935 2231 1016 2287 Anno
1034 2232 1068 2287 62
1085 2248 1111 2302 p.
1130 2230 1206 2288 (1.6.
1225 2229 1307 2288 urbes

261 2331 289 2386 in
311 2333 420 2406 Achaja
443 2338 471 2389 et
488 2334 649 2390 Macedonis
671 2339 747 2389 motu
769 2339 901 2390 terrarum
920 2335 1025 2390 6166166
1044 2340 1114 2390 sunt
1145 2335 1192 2406 (cf.
1211 2335 1306 2392 Naum.

261 2434 372 2500 Quaest.
381 2437 430 2493 VI.
452 2438 475 2492 1.
494 2438 535 2506 13,
553 2437 600 2506 qui
617 2436 694 2492 locus
712 2450 783 2490 anno
802 2438 836 2492 63
854 2438 971 2507 scriptus
989 2439 1049 2506 est.)
1079 2438 1125 2493 Ad
1137 2438 1190 2494 hoc
1202 2437 1307 2493 Seneca

261 2553 324 2593 sese
341 2540 478 2596 rettulisse
496 2540 604 2596 videtur
617 2539 709 2595 verbis
722 2539 800 2610 epist
813 2541 855 2608 91,
874 2541 898 2595 9.
917 2540 1162 2610 1,66611666116166
1181 2541 1306 2610 quotiens

263 2640 387 2712 Achajae
413 2643 495 2699 urbes
521 2658 575 2699 uno
602 2647 720 2698 tremore
746 2642 940 2699 ceciderunt?“
982 2641 1078 2696 Mirum
1106 2648 1148 2698 661
1174 2643 1306 2698 Senecam

263 2742 455 2817 Pompejorum
473 2745 622 2802 dirutomm
644 2745 744 2801 nullam
761 2745 924 2800 mentionem
942 2744 1048 2811 iecisse,
1066 2745 1118 2800 nisi
1136 2745 1307 2815 „frequenter

260 2846 338 2902 nobis
356 2848 472 2903 nuntiati
488 2852 552 2903 suut
569 2851 688 2903 totarum
705 2847 811 2903 urbium
828 2847 972 2902 interitus“
996 2847 1090 2903 dicens
1112 2848 1148 2903 de
1170 2838 1223 2905 666
1240 2863 1306 2904 casu

262 2950 357 3005 sensit.
392 2949 481 3021 Supra
496 2951 555 3022 jam
572 2949 676 3005 Romae
693 2949 845 3005 incendium
863 2950 1019 3019 memoravi,
1036 2949 1111 3021 quod
1128 2950 1217 3007 medio
1234 2967 1306 3007 anno

260 3052 295 3108 64
317 3052 419 3108 factum
442 3059 492 3109 est
535 3053 609 3109 Ante
626 3052 679 3108 hoc
695 3056 804 3122 tempus
821 3053 899 3122 epist.
918 3053 960 3109 91.
978 3053 1107 3124 scriptam
1126 3069 1187 3110 6666
1206 3055 1305 3125 colligo

258 3170 293 3210 ex
315 3155 407 3212 verbis
431 3156 542 3213 alterius
564 3156 731 3227 paragraphi
754 3171 917 3226 „numquam
940 3155 1056 3226 denique
1079 3162 1136 3212 tam
1157 3157 1305 3214 infaustum

258 3257 306 3312 ulli
325 3259 427 3314 exarsit
443 3259 597 3315 incendium
615 3265 646 3315 ut
663 3259 728 3314 nihil
745 3260 824 3316 alteri
841 3265 998 3329 superesset
1009 3258 1158 3329 incendio“,
1177 3275 1231 3329 quo
1243 3262 1305 3317 loco

259 3358 325 3414 nihil
351 3359 386 3415 de
403 3362 506 3418 Romae
523 3361 649 3419 incendio
668 3360 747 3432 dicit,
774 3361 848 3432 quod
873 3363 948 3417 illum
976 3361 1099 3416 omisisse
1121 3363 1185 3434 jure
1212 3368 1304 3418 nostro

259 3463 429 3533 miraremur,
457 3465 503 3534 qui
519 3463 623 3520 Romae
647 3464 773 3520 incendio
795 3464 855 3522 viso
873 3465 908 3520 do
926 3464 1005 3519 simili
1023 3478 1089 3519 casn
1108 3464 1190 3520 alium
1209 3466 1304 3521 cortio-

257 3581 314 3620 rem
333 3566 423 3621 facere
439 3566 533 3622 voluit.

325 3668 396 3724 Puto
420 3669 504 3739 igitur
521 3669 654 3726 Senecam
677 3669 822 3740 epistulam
844 3670 877 3724 91
901 3673 965 3725 6616
988 3668 1118 3725 Sextilem
1141 3671 1205 3726 anni
1222 3671 1257 3727 64
1278 3677 1305 3728 61

258 3776 321 3841 post
338 3772 431 3829 Nonas
448 3773 527 3829 Febr.
549 3773 612 3830 anni
635 3774 669 3828 63
691 3773 840 3844 scripsisse.
876 3773 952 3839 Quae
970 3773 1041 3829 enim
1060 3772 1165 3828 Seneca
1187 3774 1246 3843 ipse
1265 3775 1306 3831 vi·

259 3875 337 3929 derat
363 3879 404 3942 (ut
426 3875 603 3944 Macedonia,
628 3877 736 3949 Achaja
761 3881 836 3932 6616
855 3881 943 3932 terrae
967 3881 1081 3946 vexate3
1107 3877 1192 3946 talia.)
1219 3878 1305 3946 pluris

259 3978 386 4046 aestimo,
411 3993 492 4046 quam
515 3994 585 4047 quae
607 3980 651 4035 hic
668 3981 784 4050 scriptor
802 3980 830 4034 in
848 3980 928 4035 factis
946 3979 1081 4034 historicis
1097 3979 1304 4048 neglegentissi-

257 4096 317 4135 mus
340 4095 355 4134 6
378 4081 546 4150 temporibus
571 4081 618 4135 diu
641 4082 741 4152 elapsis
765 4086 964 4139 commemorat.
999 4080 1152 4136 Levitatcm
1171 4082 1232 4152 ejus
1250 4097 1303 4136 uno

257 4183 384 4253 exemplo
402 4178 585 4239 demonstrari
597 4183 673 4240 libet.
707 4185 784 4240 Dicit
806 4187 834 4241 iu
859 4185 946 4256 prima
969 4189 992 4250 5.
1010 4197 1054 4254 ep.
1076 4184 1126 4238 91:
1156 4187 1303 4253 „terrarum

259 4299 367 4356 quoque
384 4287 431 4344 vix
449 4300 576 4357 umquam
593 4290 650 4342 166
668 4287 762 4357 gravis
786 4292 814 4344 et
836 4287 1005 4358 perniciosus
1025 4286 1075 4344 fuit
1092 4291 1229 4342 6616661
1246 4291 1304 4342 tota
