2992 4926
688 377 729 448 47

140 601 191 666 fra
214 601 445 682 disput-andum
469 603 541 682 crit,
565 603 720 667 narravit.
766 604 883 668 Totum
910 605 971 670 hoc
1000 609 1098 687 caput
1128 603 1195 686 (VI.
1218 602 1272 684 32)
1303 685 1307 691 ι

143 720 209 786 1111
232 721 378 803 ejusdem
400 722 585 787 sententiae
608 727 707 803 atque
734 722 792 787 illa
815 724 957 804 epistula
980 730 1048 804 111,
1082 742 1178 806 quam
1202 742 1274 788 sen-

144 841 279 905 tentiam
303 840 354 905 his
369 840 478 905 verbis
502 841 674 921 complecti
697 859 885 922 possumus:
915 843 1052 917 „Anima
1074 844 1108 907 in
1123 842 1275 923 expedito

141 963 192 1024 est
224 959 394 1024 babenda“
432 959 499 1041 (Vl.
524 965 580 1040 32,
606 963 649 1045 5.)
674 967 707 1026 et
733 961 828 1036 „Ideo
852 962 934 1026 nibil
955 962 1049 1027 nobis
1073 961 1273 1043 inprovisum

141 1096 213 1143 esse
237 1079 352 1143 debet<
379 1078 443 1161 (ep.
467 1084 518 1144 91.
541 1081 598 1164 4.).

224 1197 274 1260 Ex
296 1198 373 1277 illis,
397 1216 480 1279 quae
504 1198 653 1277 diximus,
676 1203 753 1262 ante
775 1217 921 1264 mensem
936 1199 1060 1264 lulium
1083 1200 1168 1291 anni
1182 1217 1273 1265 sexa·

140 1316 257 1397 gesimi
280 1317 388 1398 quarti
410 1317 512 1383 libros
537 1317 599 1381 duo
633 1317 834 1398 posteriores
864 1319 1004 1399 scriptos
1032 1318 1134 1384 fuisse
1167 1319 1274 1401 scqui-

139 1441 205 1514 111,
230 1454 314 1500 anno
339 1442 448 1500 autem
470 1440 510 1501 63
534 1437 731 1517 compositos
755 1454 828 1501 esse
851 1438 927 1502 inde
950 1438 1078 1519 colligo,
1103 1438 1190 1520 quod
1214 1437 1270 1503 Se-

139 1573 219 1618 neca
241 1560 351 1619 terrae
374 1559 507 1634 motum,
532 1555 571 1619 dc
597 1574 659 1636 quo
685 1574 784 1636 supra
805 1555 907 1620 locuti
923 1575 1044 1636 sumus
1069 1562 1120 1621 ter
1142 1557 1189 1621 ita
1205 1575 1272 1620 me-

139 1678 256 1752 morat,
280 1679 397 1738 utnon
420 1674 557 1738 multum
573 1675 730 1755 temporis
746 1675 832 1738 inter
848 1679 971 1739 motum
988 1676 1122 1757 ejusque
1134 1656 1271 1741 commess

137 1793 354 1857 morationem
393 1792 580 1858 interfuisse
619 1794 732 1858 statim
765 1794 995 1875 intellegatur3
1032 1793 1070 1858 cl.
1105 1794 1182 1859 libri
1216 1793 1269 1858 Vl.

138 1930 208 1992 cap.
236 1916 285 1992 12,
309 1917 327 1975 2
352 1912 467 1977 verba:
491 1912 626 1991 „Nunc
650 1930 811 1994 quoque
834 1931 905 1976 cum
929 1912 1105 1978 hicmotus
1128 1911 1272 1977 11101111-

138 2031 237 2112 pania
259 2029 336 2110 fuit,
368 2031 515 2112 quamvis
538 2030 674 2096 hiberno
697 2039 843 2111 tempore
866 2036 900 2095 et
922 2031 1101 2112 inquieto.“
1126 2048 1195 2110 cap.
1220 2035 1271 2110 27,

142 2155 173 2213 1:
198 2149 387 2229 „Quaedam
409 2154 519 2214 tamen
541 2151 657 2231 propie
680 2151 717 2214 in
740 2151 816 2215 boc
850 2148 1050 2231 Campaniae
1072 2153 1167 2214 motu
1189 2149 1273 2214 acci-

142 2268 229 2334 disse
262 2273 470 2333 narrantur.“
494 2288 564 2350 cap,
591 2275 618 2348 1,
645 2274 682 2334 13
716 2268 786 2349 „vis
810 2317 843 2331 ..
880 2286 963 2350 quae
996 2286 1099 2333 nunc
1135 2267 1273 2349 Campa·

142 2387 228 2452 niam
250 2388 380 2452 laesit.“

226 2507 339 2572 Oritur
354 2507 503 2589 quaestio
519 2511 628 2571 utrum
648 2507 790 2588 quinque
811 2506 939 2588 priores
960 2505 1035 2570 libri
1058 2505 1172 2569 eodem
1188 2523 1272 2569 anno

140 2626 255 2706 scripti
284 2627 361 2691 sint:
407 2624 514 2690 Certis
542 2625 631 2692 ansis
660 2625 702 2690 ad
728 2630 857 2706 tempus
880 2625 1091 2690 statuendum
1114 2642 1271 2704 caremus,

30 2745 34 2753 '
140 2744 350 2826 quamobrem
361 2745 569 2810 Lehmannus
582 2745 615 2809 in
625 2743 788 2826 Philologi
801 2744 864 2809 vol.
879 2744 1012 2809 laudato
1037 2742 1082 2825 (p.
1107 2743 1192 2828 326.)
1206 2743 1273 2823 pri-

139 2882 236 2943 mum,
248 2863 392 2942 tertium,
403 2867 554 2944 quartum
567 2861 954 2944 librum'praefationibus
966 2862 1159 2943 incipientes
1167 2861 1273 2926 tribus

140 2984 343 3064 temporibus
366 2981 483 3060 editos,
506 2987 623 3063 postea
646 2983 700 3066 (de
718 2980 831 3046 Claud.
855 2981 1019 3061 etNerp.
1034 2980 1085 3062 16)
1110 2980 1273 3044 111111111

139 3072 266 3166 mutata
277 3107 345 3167 tres
366 3102 494 3183 priores
518 3118 601 3165 anno
615 3103 665 3180 62,
677 3105 832 3181 quattuor
842 3099 1043 3180 posteriores
1057 3117 1141 3164 anno
1155 3103 1194 3163 63
1207 3099 1273 3164 cdi-

138 3224 190 3283 tos
204 3238 276 3284 esse
289 3221 464 3285 contendit.
488 3219 569 3284 Cum
582 3220 658 3285 libri
680 3224 749 3284 tum
772 3216 994 3300 praelationes
1008 3218 1176 3282 evidenter
1197 3235 1272 3297 pro-

139 3337 239 3418 dunt,
275 3338 432 3404 Senecam
466 3357 576 3404 senem
611 3355 683 3402 esse
713 3355 817 3419 neque
849 3336 979 3418 publico
1015 3355 1147 3401 munere
1169 3335 1270 3416 fungi.

139 3454 342 3521 Conferenrla
376 3461 427 3521 est
456 3456 604 3538 inprimis
634 3456 741 3536 prima
764 3460 797 3519 11
819 3454 924 3519 111111
944 3454 1170 3538 paragraphus
1192 3453 1272 3518 terti

137 3573 213 3638 libri
234 3573 462 3656 praelationis:
487 3593 572 3655 „non
587 3573 747 3655 praet-erit
762 3592 814 3638 me
838 3622 870 3636 ..
895 3591 991 3654 quam
1007 3591 1199 3654 magnarum
1221 3590 1272 3636 re-

139 3712 211 3757 rum
234 3692 449 3758 fundamenta
470 3712 590 3774 ponam
614 3711 722 3774 senex,
745 3692 801 3774 qui
822 3692 977 3756 mundum
1001 3692 1137 3757 circuire
1153 3692 1271 3756 consti-

140 3811 189 3874 tui
213 3859 220 3874 .
247 3860 253 3874 .
277 3812 406 3893 quando
429 3817 497 3877 tam
526 3813 629 3877 multa
657 3828 854 3892 consequar,
877 3816 945 3875 tam
969 3830 1085 3892 sparsa
1109 3809 1271 3892 colligam,

139 3932 207 3992 tam
231 3930 358 3993 occulta
382 3930 589 4011 perspiciam.
634 3928 767 3995 Premat
801 3948 878 4010 ergo
910 3934 1061 3994 senectus
1095 3934 1128 3995 et
1151 3928 1271 3993 obiciat
1388 4013 1390 4017 Ι

137 4065 239 4112 annos
271 4049 357 4113 inter
366 4066 450 4112 vana
474 4049 585 4113 studia
608 4053 827 4130 consumptos,
850 4053 943 4113 tanto
967 4048 1072 4130 magis
1096 4064 1270 4128 urgeamus

137 4173 170 4231 et
193 4168 312 4232 domna
336 4167 460 4233 aetatis
483 4167 569 4231 male
582 4172 751 4249 exemptae
774 4166 867 4231 labor
883 4167 1015 4245 sarciat,
1039 4184 1102 4229 nox
1125 4165 1167 4229 ad
1184 4164 1270 4228 diem

141 4289 285 4368 accedat,
310 4285 543 4367 occupationes
564 4286 763 4366 recidantur,
779 4284 969 4367 patrimonii
991 4284 1087 4366 longe
1110 4282 1269 4349 adomino
